3094 5002
741 321 783 392 63

184 521 240 568 cas
273 505 394 588 postea
424 502 514 591 apud
544 521 657 568 omnes
688 501 836 568 usitatas
871 499 967 568 velut
1001 503 1118 565 πολῖται
1147 499 1261 585 (Arch.
1276 499 1331 584 50)

190 611 275 677 ἀστοί
298 611 559 695 (9(63181941)
582 609 834 678 commemorari
866 610 1002 678 sufficit.
1049 610 1152 678 etiam
1182 608 1217 675 id
1250 609 1332 675 atti-

186 718 277 805 gisse
300 717 385 786 satis
409 723 463 786 est
485 720 610 785 Parum
626 720 674 786 ab
697 719 901 786 Archilocho
921 719 983 785 117
1005 721 1088 784 πόλιν
1111 719 1235 785 dictam
1260 741 1333 785 esse

185 827 235 915 (of
246 828 309 893 129
343 825 440 892 Θάσον
469 879 475 892 .
501 828 584 914 ,τήν
618 827 678 914 τρὶς
713 827 833 913 οἰζορὴν
866 829 965 909 πόλιν)
999 828 1114 894 eodem
1143 826 1329 913 modoque

190 933 296 1002 8677
322 935 396 1017 Coe,
422 937 528 1002 3230
557 936 701 1003 Lemnus
724 935 865 1002 insulae.
934 938 1054 1002 contra
1076 958 1164 1002 nova
1195 935 1330 1001 nomina

186 1044 391 1130 gravissimo
422 1049 511 1112 sunt.
561 1045 761 1130 Πανελλήνων
791 1066 910 1111 nomen
944 1044 1051 1110 8530
1079 1044 1115 1110 in
1145 1067 1249 1110 versu
1282 1043 1328 1110 le·

190 1152 285 1238 gitur
316 1154 358 1220 ab
389 1154 591 1222 Aristarcho
627 1153 785 1220 damnato
820 1155 862 1220 ab
893 1152 1104 1241 Apollodoro
1133 1153 1197 1240 (ap.
1213 1152 1328 1220 Strab.

191 1261 280 1328 VIII
297 1261 374 1345 370)
395 1263 550 1348 neglecto
574 1263 632 1350 qui
653 1284 770 1329 recens
795 1285 869 1328 esse
891 1261 1046 1346 videtur;
1083 1284 1147 1350 quo
1171 1283 1251 1326 usus
1275 1263 1329 1327 est

185 1376 323 1456 praeter
346 1371 531 1437 Hesiodum
554 1372 592 1438 Ο.
609 1373 673 1438 528
696 1371 918 1438 Archilochus
935 1373 985 1439 52.
1064 1393 1152 1439 nova
1176 1369 1326 1438 civitatis

185 1478 295 1545 forma
327 1480 459 1566 τυραννίς
475 1480 531 1550 25³
563 1479 752 1560 invenitur,
788 1479 824 1545 cf
836 1479 931 1566 p25⁵.
977 1479 1080 1547 etiam
1109 1479 1144 1546 in
1173 1479 1246 1545 iure
1275 1477 1322 1544 di·

189 1587 291 1653 cendo
324 1588 485 1655 maiorem
518 1612 592 1655 esse
624 1588 775 1655 videmus
809 1588 1010 1655 recentioris
1043 1587 1168 1656 aetatis
1192 1589 1327 1664 uberta·

188 1699 267 1762 tem.
321 1719 382 1784 pro
418 1696 529 1783 μάρτυς
560 1696 727 1762 Homerus
759 1695 858 1761 2:423
896 1694 1139 1762 nominativum
1184 1696 1327 1782 praebet

189 1805 342 1891 μάρτυρος,
372 1806 480 1872 sexies
504 1805 709 1892 scripturam
734 1805 874 1890 μάρτυροι
898 1826 918 1870 a
940 1803 1111 1872 Zenodoto
1135 1803 1269 1871 frustra
1292 1803 1328 1869 in

188 1911 331 2000 μάρτυρες
363 1919 544 1982 mutatam:
591 1914 738 2000 μάρτυρας
770 1913 899 2000 legitur
929 1913 959 1978 h.
977 1913 1078 1980 Mero.
1096 1914 1160 1979 372
1197 1907 1330 1999 μάρτυρα

185 2023 265 2092 Hes.
283 2024 321 2090 Ο.
338 2025 411 2105 371,
435 2023 484 2089 τὸν
509 2024 643 2109 μάρτυρα
666 2022 755 2111 apud
778 2022 1016 2090 Archilochum
1033 2023 1105 2090 152.
1153 2022 1193 2089 de
1218 2023 1329 2110 figura

185 2132 240 2202 961
265 2123 351 2218 ὅρκον
375 2132 399 2197 δ’
412 2133 594 2220 ἐνοσφίσθης
619 2132 710 2217 μέγαν
730 2136 831 2199 antea
848 2131 1000 2199 vidimus,
1069 2135 1216 2217 στ’)μβολον
1242 2155 1327 2219 quae

184 2262 250 2309 vox
271 2240 361 2328 apud
376 2241 559 2308 Homerum
581 2242 678 2309 deest
699 2242 730 2307 h.
748 2241 848 2308 Mero.
866 2242 909 2308 30
931 2264 1027 2309 omen
1050 2241 1227 2328 significat,
1260 2265 1325 2329 quo

182 2347 255 2415 loco
278 2350 466 2417 Mercurius
502 2349 590 2438 quod
626 2349 832 2418 testudinem
865 2350 996 2417 invenit
1031 2350 1178 2437 σύμβολον
1212 2357 1327 2433 vocat;

184 2458 335 2547 paullum
365 2465 499 2527 mutata
532 2459 566 2528 vi
590 2459 812 2526 Archilochus
842 2483 956 2526 vocem
988 2459 1141 2526 adhibuit
1156 2459 1199 2524 44
1224 2461 1329 2546 μετέρ-

188 2569 284 2654 χομαί
317 2594 350 2634 σε
374 2570 520 2656 σύμβολον
544 2569 728 2654 ποιεύμενος,
754 2569 794 2635 de
828 2591 892 2656 quo
925 2568 998 2637 loco
1020 2568 1242 2636 Philochorus
1273 2591 1327 2658 ap.

185 2678 253 2744 seh.
270 2677 365 2746 Pind.
384 2679 421 2746 Ο.
438 2679 509 2745 ΧΠ
525 2680 568 2746 10
598 2679 680 2747 dicit
714 2678 766 2751 τὰς
806 2680 839 2742 ἐν(
871 2681 974 2765 φήμης
1004 2679 1141 2765 μαντείας
1175 2679 1323 2752 τουτέστιν

188 2789 334 2873 κληδόνας
355 2788 407 2853 καὶ
428 2787 579 2876 πταρμοὺς
602 2794 621 2874 ἢ
647 2787 791 2874 perduci]
818 2790 921 2872 φήμας
944 2793 963 2872 ἢ
989 2790 1168 2873 ἀπαντήσεις
1193 2789 1329 2876 σύμβολα

182 2896 344 2982 λέγεσθαι,
378 2900 553 2985 χρήσασθαι
588 2897 621 2962 δὲ
653 2899 752 2970 αὐτοῖς
786 2899 906 2983 πρώτην
942 2899 1096 2983 Δήμητρα.
1187 2897 1327 2984 hospitii

186 3006 375 3090 symbolum
397 3006 487 3095 apud
509 3008 692 3074 Homerum
714 3027 829 3080 mensa
858 3011 930 3088 est,
969 3027 1055 3092 quae
1090 3005 1241 3093 hospites
1274 3028 1326 3072 ar-

187 3114 318 3183 tissime
341 3116 431 3183 inter
456 3139 492 3183 se
515 3117 728 3198 umectabat,
765 3138 838 3182 cum
860 3115 938 3200 ξενίη
962 3108 1095 3201 τράπεζα
1125 3115 1218 3186 1158
1249 3116 1330 3201 φ28

183 3222 225 3288 35
257 3244 353 3289 sacra
386 3223 588 3308 haberetur3
624 3224 665 3290 de
697 3244 793 3289 sacro
828 3222 982 3291 convivio
1007 3222 1169 3310 hospitali
1192 3227 1330 3312 Lycaon

183 3331 270 3396 (176
284 3354 345 3419 sqq
374 3331 543 3399 Achillem
573 3333 750 3400 admonet:
790 3332 1012 3399 Archilochus
1037 3335 1079 3399 96
1110 3337 1185 3408 ἅλας
1216 3361 1248 3399 τε
1279 3335 1328 3402 καὶ

182 3434 331 3527 τράπεζαν
356 3442 542 3530 composuit
565 3464 649 3529 quae
673 3442 762 3529 apud
779 3442 961 3510 Homerum
976 3467 1044 3510 non
1066 3444 1324 3531 coniunguntur,

188 3551 324 3622 etiamsi
350 3552 446 3617 1123
470 3552 561 3636 (inde
585 3552 695 3639 pauo)
726 3553 830 3616 ἅλεσσι
862 3552 943 3618 salis
977 3552 1071 3619 notio
1094 3553 1193 3621 inest.
1240 3555 1327 3622 furis

186 3682 308 3730 nomen
328 3661 465 3746 μηλήτής
489 3659 578 3746 quod
601 3659 690 3747 apud
705 3659 888 3727 Homerum
911 3683 978 3726 non
1001 3664 1098 3728 extat
1121 3662 1157 3728 in
1179 3662 1209 3728 h.
1223 3662 1324 3730 Mero.

185 3769 361 3856 quinquies
385 3769 521 3856 legitur,
546 3769 635 3857 apud
658 3769 737 3836 Hes.
754 3768 790 3834 Ο.
809 3770 882 3852 375,
907 3769 996 3856 apud
1020 3770 1123 3837 Arch.
1139 3772 1182 3836 46
1208 3775 1329 3858 φήλήτα

181 3876 296 3963 νύκτωρ
337 3876 403 3963 περὶ
441 3877 524 3941 πόλιν
563 3877 760 3962 πωλευμένωι
799 3877 910 3962 (Eust.
929 3878 1026 3960 1889)
1059 3878 1223 3946 traditum
1264 3884 1327 3948 est.

181 3986 275 4054 vitae
302 3987 464 4054 humanae
488 4009 622 4054 cursum
653 3987 683 4053 si
712 3985 890 4073 sequimur,
922 3985 1108 4073 permultas
1138 3987 1325 4057 invenimus

182 4115 281 4162 voces
313 4095 442 4182 apicas,
475 4117 598 4183 paucas
632 4117 738 4163 novas
770 4094 866 4162 velut
889 4097 1070 4180 σκελήπερον
1080 4094 1121 4180 (Ρ)
1131 4095 1193 4160 193
1226 4118 1326 4182 quam

179 4201 370 4290 Hesychius
405 4205 511 4290 opsloe
545 4205 676 4272 nomine
709 4204 866 4293 explicat.
921 4203 1109 4271 iuventutis
1144 4206 1249 4271 robur
1273 4211 1326 4274 est

184 4315 247 4400 ἥβη
268 4311 372 4379 11857
395 4312 498 4380 Arch.
516 4314 589 4380 115.
636 4312 680 4380 ad
702 4312 838 4401 nuptias
862 4312 1038 4401 pertinent
1060 4312 1189 4400 figurae
1212 4314 1325 4404 opicae

182 4417 278 4487 οἴκαδ’
302 4421 431 4507 ἄρεσθαι
454 4421 557 4490 Γ404
573 4425 613 4490 72
632 4453 672 4480 --
689 4423 730 4489 93
754 4423 861 4506 ludu,
887 4445 953 4512 qua
978 4421 1081 4491 Arch.
1099 4423 1141 4490 98
1164 4447 1243 4494 usus
1260 4433 1322 4513 est,

183 4529 583 4618 01γαὶμονδαίεινΤ299
609 4533 661 4599 53
684 4531 781 4601 1415
804 4531 834 4599 h.
852 4533 936 4603 Ven.
954 4531 1032 4600 141:
1065 4524 1160 4622 γάμον
1192 4534 1244 4622 μὲν
1275 4535 1328 4602 οὐκ
