3094 5002
747 275 808 348 55*

190 445 376 516 chilochum
391 450 433 516 23
457 455 555 519 extat
577 451 736 521 fortunae
767 452 925 520 tribuam.
972 452 1091 543 quibus
1127 456 1333 525 enumeratis

189 558 340 645 paullum
368 559 463 626 nobis
494 559 700 627 redeundum
729 564 782 628 est
804 561 848 628 ad
871 584 926 629 eas
951 563 1102 650 corporis
1125 567 1241 651 partes
1267 565 1357 653 qui·¹

186 667 324 734 buscum
346 669 492 734 animum
507 669 563 737 vel
578 669 685 756 animi
699 669 925 737 emanationes
942 671 1136 739 coniunctas
1153 675 1331 759 putebant.

188 798 245 842 cor
272 775 362 864 apud
383 777 567 842 Homerum
594 783 646 844 est
679 777 834 846 laetitiae
869 779 964 846 sedes
1001 779 1105 846 δ548
1139 782 1245 867 κραδίη
1280 782 1330 846 καί

189 884 283 971 θνμθς
315 937 322 951 .
349 937 355 948 .
390 884 479 970 ἰάνθη
514 906 652 972 quocum
691 887 861 953 consentit
891 886 1114 954 Archilochus
1131 888 1172 953 36
1207 890 1331 976 καρδίην

186 994 309 1058 ἰαίνεται
331 999 472 1082 praeter
494 993 639 1059 formam
661 994 785 1080 καρδίην
820 994 855 1060 in
882 995 1025 1061 Homero
1046 995 1264 1080 rarissimam,
1297 1021 1327 1064 v.

189 1100 330 1168 Schulze
348 1124 401 1189 qu.
419 1124 469 1188 ep.
486 1102 559 1168 383.
606 1101 694 1167 oculi
709 1101 765 1170 254
789 1103 960 1188 ἀπόπροθεν
984 1102 1040 1190 γάρ
1063 1104 1141 1168 ἐστιν
1165 1105 1328 1189 ὀφθαλμῶν

189 1212 269 1296 ἐμῶν
292 1210 464 1277 translata
486 1210 560 1276 iere
583 1209 618 1275 vi
640 1214 801 1277 utuntur:
837 1211 927 1298 apud
949 1213 1130 1279 Homerum
1161 1234 1200 1278 ea
1231 1213 1333 1280 animi

187 1315 280 1383 notio
313 1315 380 1382 nisi
412 1315 517 1381 fallor
551 1337 618 1381 non
650 1319 754 1382 extat.
802 1308 904 1381 ὀδύναι
929 1318 1074 1384 Homero
1099 1321 1178 1384 sunt
1201 1322 1236 1385 et
1259 1341 1330 1386 cor-

185 1424 278 1512 poris
302 1424 436 1491 dolores
461 1427 497 1492 et
528 1423 630 1490 animi
659 1424 787 1509 luetus;
822 1425 875 1490 illi
904 1426 955 1493 ita
987 1427 1060 1493 fere
1092 1425 1332 1494 describuntur

188 1533 296 1599 [1517
338 1531 416 1618 ἀμφὶ
447 1532 481 1595 δέ
514 1556 563 1616 μοι
593 1530 659 1619 χείρ
695 1532 814 1617 ὀξείηισ’
845 1531 993 1619 ὀδύνηιαιν
1026 1536 1170 1618 ἐλήλαται
1221 1535 1327 1601 Λ398

185 1633 274 1726 ὀδύνη
308 1640 341 1704 δὲ
377 1643 426 1707 διαί
451 1639 541 1728 χροὸς
564 1642 633 1726 ἦλθ’
657 1643 794 1727 ἀλεγεινή
826 1644 885 1728 (se.
909 1642 1082 1711 Diomedis
1107 1666 1128 1731 e,
1147 1643 1231 1730 pede
1256 1645 1327 1712 vul-

185 1751 309 1836 nerati)
335 1749 438 1817 haas
470 1743 603 1836 ὀδύνηιοι
635 1751 836 1836 πεπαρμένος;
872 1751 983 1818 luctus
1016 1751 1201 1838 significari
1237 1753 1352 1820 solet¹

187 1864 338 1950 (praeter
362 1886 382 1925 α
397 1859 473 1945 242)
509 1861 626 1945 φρενῶν
651 1859 707 1927 vel
725 1861 829 1943 Ιθυμοῦ
851 1882 932 1927 voce
960 1859 1093 1943 addita,
1126 1861 1222 1929 velut
1245 1861 1330 1928 024

187 1968 279 2053 θυμὸν
303 1969 378 2032 ἀνίει
401 1966 519 2053 ἀζηχὴς
543 1959 633 2052 ὀθόνη
659 1965 741 2033 060
765 1968 849 2055 [379.
910 1967 1135 2036 Archilochea
1160 1968 1224 2036 duo
1248 1973 1328 2038 sunt

187 2078 339 2166 exempla
362 2076 489 2144 doloris
512 2076 664 2163 corporis
688 2099 761 2143 cum
784 2077 887 2142 animi
909 2075 1092 2146 coniuncti:
1117 2077 1159 2142 84
1182 2077 1217 2142 in
1240 2100 1326 2145 amo·

185 2211 256 2256 rem
280 2179 608 2254 vehementissimum
629 2185 781 2274 inlapsus
805 2186 867 2252 hae
889 2185 1116 2274 descriptione

494 2289 634 2381 δύστηνος
658 2294 793 2379 ἔγκειμαι
819 2297 919 2386 nsum

384 2404 499 2493 ἄψυχος
522 2407 752 2491 χαλεπῆισι
777 2407 855 2469 θεῶν
879 2396 1090 2490 ὀδύνηιαιν
1115 2405 1198 2490 ἕκητι

495 2514 743 2600 πεπαρμένος
768 2513 811 2579 δι’
835 2517 984 2580 ὀστέων

184 2624 398 2692 Homericum
427 2624 514 2691 illud
546 2625 679 2710 ὀδύνηισι
706 2625 893 2710 πεπαρμένος
935 2623 1051 2708 auxit3
1087 2623 1142 2690 hic
1187 2624 1331 2711 primum

181 2757 328 2805 amorem
349 2733 494 2820 imagine
518 2756 713 2820 expressum
735 2733 866 2800 invenis
891 2753 975 2820 quae
998 2753 1018 2798 a
1040 2735 1122 2798 nota
1143 2731 1205 2797 illa
1238 2732 1325 2818 ignis

181 2864 244 2910 eor·
267 2850 302 2910 et
341 2864 419 2910 ossa
448 2841 579 2909 urentis
611 2862 678 2907 non
710 2840 853 2908 multum
881 2841 989 2907 abest.
1044 2861 1185 2927 quacum
1222 2839 1324 2907 etiam

183 2951 267 3017 hanc
282 2949 320 3031 ¹⁵)
344 2951 499 3018 conferas
523 2951 586 3016 103

354 3062 432 3133 τοῖος
455 3059 512 3146 γὰρ
536 3061 693 3146 φιλότητος
717 3059 792 3146 ἔρως
817 3059 872 3124 ὑπὸ
896 3060 1020 3145 καρδίην
1045 3055 1181 3130 ἐλυσθείς

422 3168 569 3254 πολλὴν
592 3169 670 3232 κατ’
697 3168 826 3255 ἀχλὺν
849 3167 1036 3254 ὀμμάτων
1060 3165 1198 3254 ἔχευεν

354 3277 465 3365 κλέψας
488 3278 521 3340 ἐκ
546 3269 682 3362 στηθέων
707 3275 818 3350 ἀταλολς
843 3277 959 3363 φρένας.

179 3385 291 3454 luctus
316 3385 530 3474 egregiorum
552 3385 705 3454 virorum
727 3386 823 3473 aquis
848 3389 1106 3465 submersorum,
1140 3383 1176 3448 in
1208 3381 1327 3470 quibus

180 3495 374 3564 Archilochi
393 3495 521 3562 sororis
545 3495 704 3562 maritum
720 3496 825 3563 fuisse
846 3496 977 3577 scimus,
993 3491 1216 3581 gravissimus
1233 3495 1324 3559 erat:

296 3607 331 3675 94
355 3605 509 3677 οίδαλέοος
534 3605 647 3689 δ’ἆμφ
673 3596 803 3691 ὀδύνηισ’
827 3605 934 3692 ἔχομεν
956 3605 960 3690 l
981 3595 1155 3688 πνεύμονας.

182 3711 246 3798 hac
266 3709 353 3776 mira
376 3709 546 3777 sententia
569 3709 712 3796 exprimi
735 3709 873 3778 videtur
896 3716 931 3778 et
949 3708 1050 3777 medii
1065 3705 1212 3796 pectoris
1230 3704 1326 3773 dolor

181 3816 277 3886 luctu
308 3819 448 3886 effeetus
480 3823 515 3885 et
550 3817 743 3905 pulmonum
774 3841 911 3905 pressus
939 3817 1073 3905 quidam
1103 3813 1205 3882 flendi
1228 3812 1325 3882 vehe-

180 3927 307 3995 mentia
330 3930 441 4011 ortus3
479 3949 578 4015 quam
609 3949 671 4014 ego
702 3949 770 3992 non
800 3927 900 4014 plane
930 3926 1107 4015 perspicio,
1141 3923 1194 3990 cui
1216 3946 1323 4011 neque

180 4038 335 4102 veterum
368 4034 571 4103 medicorum
604 4057 711 4122 neque
745 4038 939 4102 nostratum
973 4035 1014 4102 de
1038 4057 1076 4101 eo
1100 4031 1223 4099 iudicia
1245 4036 1328 4100 nota

13 4105 79 4138 ³¹
185 4142 332 4212 sint.¹

240 4314 284 4383 15)
304 4316 422 4384 utraque
441 4319 563 4368 nostrum
583 4320 693 4381 poetam
712 4313 740 4366 in
761 4313 916 4367 memoriam
936 4317 1047 4366 revocat

428 4423 455 4461 ee
471 4407 628 4462 schwicdclt
646 4407 706 4474 κνίν,
726 4423 754 4462 es
767 4407 863 4462 brenen

491 4500 563 4556 mein
581 4501 761 4574 Diochcide.
