3094 5002
792 329 813 406 2

231 506 368 596 Crusio‚
395 513 453 602 qui
474 513 715 583 Archilochum
741 513 776 581 in
798 515 913 582 Paulii
939 519 976 583 et
997 513 1187 584 Wissowae
1212 511 1381 604 Encyclo·

229 619 352 708 paedia
364 619 415 688 ita
430 622 607 706 tractavit,
631 626 672 689 ut
695 623 845 690 omnibus
863 623 930 690 iam
946 625 988 691 ab
1011 623 1073 691 illa
1095 625 1379 692 commentatione

231 727 508 816 proficiscendum
543 731 590 798 sit
624 734 745 818 grato,
780 739 819 799 ut
852 754 916 820 par
950 736 1020 815 est,
1060 732 1169 800 animo
1195 732 1380 801 nominatis

230 837 273 904 ad
295 837 403 925 ipsam
426 840 620 908 accedamus
645 843 686 908 de
710 841 784 910 vite
806 841 1003 908 Archilochi
1027 842 1272 931 quaestionem,
1290 863 1401 909 cum.

228 947 359 1014 nonde
383 949 528 1016 omnium
557 950 830 1019 testimoniorum
860 951 1068 1020 auctoritate
1100 953 1267 1021 rationem
1300 975 1378 1019 oon·

229 1059 324 1123 stare
346 1059 443 1126 nobis
466 1059 600 1148 quidem
622 1083 821 1149 persuasum
844 1061 900 1128 sit.
1040 1071 1043 1078 ⁴

315 1166 357 1232 ln
378 1167 441 1234 hac
463 1170 660 1257 quaestione
682 1174 823 1259 praeter
845 1171 1040 1257 fragmenta
1062 1170 1137 1260 ipsa
1167 1170 1294 1259 duplici
1323 1171 1376 1237 ni-

228 1273 334 1341 timur
366 1275 594 1347 fundamento.
646 1280 790 1367 primum
825 1278 956 1347 Critiae
991 1280 1143 1369 quodam
1167 1281 1375 1364 testimonio,

228 1383 317 1471 quod
339 1384 460 1470 quanti
480 1387 576 1454 nobis
599 1387 788 1454 faciendum
811 1387 875 1470 sit,
898 1393 1019 1476 postea
1040 1388 1229 1477 apparebit.
1275 1410 1374 1476 pree·

228 1494 325 1558 terea
348 1493 486 1561 oracula
507 1496 670 1582 quaedam
692 1495 736 1562 ad
757 1495 954 1564 Archilochi
977 1496 1084 1564 vitam
1105 1520 1276 1585 genusque
1297 1521 1374 1585 per·

230 1596 352 1666 tinent.
410 1623 486 1669 narn
518 1603 604 1678 duae
636 1603 799 1692 imprimis
832 1603 993 1670 feruntur
1025 1605 1304 1674 narratiunculae
1337 1607 1373 1673 in

227 1706 394 1775 fabularis
417 1709 597 1778 historiae
611 1711 744 1777 modum
775 1711 995 1799 compositae:
1029 1711 1228 1781 Telesiclem
1250 1713 1373 1780 Archi-

228 1815 317 1882 lochi
348 1821 482 1904 patrem
512 1821 553 1886 ab
576 1819 737 1908 Apolline
759 1820 887 1906 Pythio
922 1820 1049 1888 iussum
1070 1820 1250 1889 Pariorum
1284 1821 1372 1887 colo-

227 1925 318 1992 niam
351 1926 499 1994 Thasum
529 1927 723 2012 deduxisse5
759 1928 899 1994 cundem
928 1928 1122 2016 Apollinem
1153 1937 1287 2017 poetam
1316 1929 1374 1996 vcl

227 2037 398 2101 mortuum
420 2036 602 2125 praecipuo
617 2036 743 2104 honore
758 2035 923 2103 affecisse.
968 2036 1088 2125 quibus
1104 2037 1241 2105 fabellis
1255 2041 1372 2104 utrum

227 2142 310 2210 fides
333 2143 487 2212 habenda
510 2145 556 2213 sit
578 2168 690 2227 necne,
713 2144 859 2233 primum
881 2143 1100 2231 inquiramus,
1124 2149 1164 2213 ut
1178 2146 1214 2212 in
1229 2146 1371 2234 reliquis

226 2251 333 2320 libere
356 2255 624 2341 progrediamur.
670 2276 747 2320 nam
770 2254 811 2320 de
834 2275 950 2320 earum
972 2253 1103 2340 origine
1126 2258 1228 2342 atque
1256 2257 1371 2320 anoto-

226 2359 334 2428 ritate
357 2360 584 2448 quaerendum
606 2385 696 2444 esse,
732 2368 912 2449 postquam
935 2383 1047 2428 omnes
1077 2361 1113 2428 id
1134 2360 1369 2448 neglexerunt,

225 2467 515 2536 APiccolominius
538 2469 665 2558 primus
690 2468 725 2534 in
748 2468 894 2534 Hermae
919 2468 969 2549 18,
986 2468 1052 2534 264
1074 2468 1225 2536 ostendit
1236 2470 1274 2553 ¹).
1314 2485 1374 2535 cn*

225 2574 277 2642 ius
301 2575 594 2644 ratiocinationem
618 2576 768 2644 omnibus
782 2576 807 2660 ρ)
836 2574 892 2662 qui
921 2574 1055 2663 quidem
1077 2578 1118 2644 de
1141 2600 1181 2644 ea
1203 2599 1241 2643 re
1263 2577 1369 2666 scrip-

225 2691 344 2751 serunt
366 2687 545 2773 probatam
564 2685 675 2756 ,denuo
700 2683 814 2752 excuti
837 2689 991 2772 oportet,
1029 2706 1102 2750 cum
1131 2708 1251 2774 parum
1274 2694 1371 2754 certa

224 2792 391 2862 videatur.
427 2803 430 2810 “
517 2804 521 2810 “
606 2779 609 2784 ’

234 2951 238 2958 .
310 2902 462 2971 Primum
491 2904 532 2971 de
549 2901 708 2972 'testibus
737 2921 886 2988 agamus,
942 2922 1019 2970 nam
1051 2922 1072 2970 a
1100 2901 1218 2972 multis
1249 2927 1369 2972 narra·

224 3009 376 3077 tiuncula
410 3011 473 3077 illa
502 3014 582 3077 ante
605 3007 808 3075 Aristotelis
840 3012 996 3093 tempora
1027 3013 1110 3074 nota
1139 3033 1201 3097 per
1231 3010 1369 3098 longum

224 3116 442 3204 antiquitatis
467 3118 613 3205 spatium
635 3115 842 3204 pervulgata
860 3114 963 3181 etiam
978 3116 1074 3184 nobis
1090 3117 1253 3184 traditur.
1288 3137 1368 3207 quo·

223 3250 298 3294 rum
321 3226 549 3294 nobilissimus
573 3227 627 3292 cst
645 3222 866 3306 Aristoteles²
891 3223 985 3290 ouius
1009 3226 1114 3292 verba
1137 3226 1288 3314 quamvis
1312 3227 1367 3294 de·

223 3339 385 3402 truncata
416 3334 452 3401 in
475 3333 666 3400 Heraclidis
699 3332 844 3420 epitome
872 3331 906 3397 ir
921 3333 995 3414 611,
1009 3333 1051 3400 25
1074 3334 1175 3421 p377
1198 3335 1231 3402 R
1253 3335 1369 3422 legun-

222 3441 324 3521 tur³).
368 3440 574 3509 Plutarchus
584 3442 611 3526 ⁴)
635 3440 676 3507 de
700 3461 778 3508 sera
798 3462 887 3506 num.
911 3439 1002 3508 vind.
1026 3440 1067 3505 17
1083 3442 1172 3508 occe
1195 3446 1230 3510 et
1252 3442 1370 3510 Aelia·

229 3691 241 3732 .‘
294 3706 320 3774 1)
340 3703 435 3760 ecdem
455 3705 516 3759 loco
536 3705 619 3758 etium
639 3703 673 3758 de
691 3703 754 3758 aliis
776 3702 886 3759 fabellis
908 3703 941 3758 de
960 3705 1129 3760 Archilocho
1159 3705 1274 3762 traditis
1300 3707 1365 3775 egit.

221 3807 304 3867 atque
323 3815 382 3851 cum
404 3800 506 3867 optime
525 3798 633 3867 quidem
652 3797 686 3858 de
704 3797 871 3853 Archilocho
892 3797 1098 3854 Lacedaemone
1131 3800 1246 3868 expulso
1277 3801 1365 3855 disse-

223 3892 311 3946 ruerit
329 3891 423 3962 (266),
453 3893 486 3946 de
514 3893 553 3948 cis
583 3906 654 3961 quse
682 3890 715 3944 de
735 3889 890 3960 Lycambae
910 3900 999 3947 morte
1025 3890 1154 3946 fabulosa
1174 3891 1291 3960 protulit
1309 3891 1364 3946 alio

219 3983 281 4038 loco
301 3999 383 4053 sporo
405 4000 446 4038 me
465 3985 653 4054 quaesiturum
673 3998 741 4039 esse.

291 4079 318 4147 2)
337 4078 371 4134 of.
393 4079 516 4133 Hillerus
536 4076 564 4130 in
584 4075 714 4130 Bursiaui
733 4075 833 4130 Annal.
855 4077 933 4144 1883,
952 4077 1013 4130 261.
1051 4074 1084 4128 Ε.
1104 4075 1199 4145 Meyer
1218 4073 1316 4132 Gcsch.
1337 4073 1370 4132 d..

218 4173 320 4226 Alteri.
339 4172 365 4225 ll
385 4171 400 4241 ξ
420 4173 479 4226 370.
519 4168 632 4225 Orosius
651 4167 669 4221 l.
689 4167 752 4221 1.11
771 4169 824 4221 495
844 4184 884 4237 sq.
904 4169 963 4223 alii.

225 4245 230 4254 ³
291 4266 319 4334 3)
340 4262 493 4319 Heraclidis
513 4263 584 4317 enim
601 4260 725 4319 πολιτείας
744 4260 813 4314 nihil
833 4276 893 4315 esse
913 4261 967 4315 nisi
977 4261 1137 4317 Aristotelis
1157 4261 1295 4330 epitomen
1308 4261 1363 4316 ism

217 4364 330 4425 reperto
349 4375 376 4410 π.
396 4355 519 4415 πολιτείας
538 4352 677 4427 Ἀθηναίων
696 4352 767 4407 libro
787 4365 890 4407 certum
910 4357 961 4407 ast.
998 4351 1033 4408 cf.
1051 4341 1280 4409 Wilsmouitzius
1300 4343 1363 4407 Ari·

217 4431 282 4504 stet.
303 4448 357 4502 und
376 4450 471 4503 Athen
489 4446 503 4500 I
521 4449 574 4501 292
593 4461 633 4515 sq.
1174 4481 1179 4486 -

282 4539 325 4614 Α).
337 4539 410 4595 idom
431 4541 504 4596 hauc
523 4538 652 4594 fabellam
671 4537 785 4606 respicit
803 4535 883 4591 Num.
904 4535 952 4594 41
972 4539 1049 4608 125„
1067 4535 1106 4595 Si.
1122 4609 1136 4617 ..
1151 4533 1169 4596 J
1213 4589 1216 4595 ,
