3094 5002
705 299 745 375 31

158 481 301 556 indicari
323 489 447 576 potest.
494 482 756 554 Eratosthenem
781 485 821 551 de
844 483 903 550 illc
936 481 1063 568 τήνελλα
1086 478 1233 547 καλλίνικε
1264 478 1298 549 fr

154 599 221 668 ,119
245 603 280 666 et
303 596 461 665 Herculis
484 597 609 681 hymno
633 594 742 682 egisse
768 617 786 661 e
809 592 909 673 schol.
932 593 1028 659 Pind.
1053 592 1187 660 0.le
1212 615 1297 658 ccm-

156 709 314 798 perimus.
360 705 563 794 Apollcnius
586 704 739 772 Rhodius
771 706 801 768 ἐν
833 713 888 768 τῶι
917 701 984 789 περὶ
1005 705 1185 789 Ἀρχιλόχου
1209 702 1297 769 libro

158 816 499 886 abAthen.X451d
531 814 670 882 laudato
701 813 742 880 de
765 812 912 898 σκυτάλης
936 836 1016 881 voce
1041 809 1219 879 disseruit:
1258 813 1299 879 de

156 929 218 995 hoc
240 930 440 1014 argumento
465 924 623 991 similiter
647 947 721 990 eum
744 922 951 1011 quaesivisse
982 921 1166 1014 credideris
1198 925 1300 1010 atque

159 1037 425 1125 Aristophanem
454 1033 767 1120 Aristarchumque.
817 1032 858 1100 de
890 1031 1131 1119 Aristophanis
1167 1031 1300 1119 quidem

159 1144 497 1214 commentatiuncula
528 1143 652 1209 Athen.
666 1143 803 1208 insse
842 1142 924 1208 haec
963 1141 1065 1208 dicit:
1106 1142 1298 1227 μνημονεύων

162 1257 282 1342 δἀὐτῆς
313 1257 369 1342 (sc.
393 1263 446 1340 τῆς
477 1253 623 1341 τελλίνης)
648 1251 866 1338 Ἀριστοφάνης
897 1254 912 1314 ὁ
947 1250 1150 1337 γραμματικὸς
1182 1254 1211 1315 ἐν
1247 1259 1302 1315 τῶι

159 1365 293 1452 περὶτῆς
316 1365 484 1452 ἀχνυμένης
508 1363 658 1447 σκυτάλης
682 1361 889 1447 συγγράμματι
912 1362 1015 1447 ὁμοίας
1039 1360 1129 1448 μησὶν
1152 1359 1227 1425 εἶναι
1249 1358 1301 1434 τὰς

157 1475 289 1549 λεπάδας
316 1477 379 1548 ταῖς
410 1477 605 1559 καλουμέναις
629 1471 781 1553 τελλίναις,
805 1473 840 1538 cf
853 1471 980 1538 Nauck.
993 1471 1055 1537 Ar.
1072 1472 1118 1538 fr.
1133 1495 1154 1558 p
1170 1471 1236 1536 274
1252 1493 1301 1558 sq.

161 1607 241 1652 sane
265 1584 404 1652 Orosius
428 1584 450 1649 l.
468 1583 490 1649 l.
507 1607 529 1671 p
544 1583 608 1648 487
632 1581 767 1648 dubitat
790 1603 833 1648 an
856 1581 1027 1668 integrum
1048 1580 1201 1647 libellum
1222 1579 1302 1646 Ari-

162 1695 343 1782 stophanes
373 1693 614 1781 composuerit;
649 1692 709 1758 sed
731 1713 804 1757 mea
827 1690 958 1778 quidem
982 1690 1151 1758 sententia
1174 1694 1304 1757 certum

160 1803 331 1870 Athenaei
353 1802 583 1870 testimonium
606 1801 678 1867 sine
701 1800 904 1888 gravissima
926 1823 1028 1867 causa
1049 1824 1115 1867 non
1137 1800 1219 1867 licet
1247 1823 1303 1866 ne·

158 1913 266 2000 glegi3
302 1911 400 1979 immo
429 1911 649 1999 copiosiorem
671 1909 984 1978 commentationem
1007 1910 1112 1977 fuisse
1135 1933 1177 1976 ex
1204 1933 1303 1997 argu-

159 2025 272 2090 mento
289 2021 348 2088 illc
366 2044 531 2110 apparere
547 2021 693 2088 videtur.
741 2021 781 2086 de
797 2020 911 2087 eadem
926 2043 1007 2087 voce
1030 2020 1133 2087 etiam
1148 2019 1304 2086 Aristar·

162 2132 257 2198 chum
279 2132 315 2198 in
345 2130 584 2199 commentario
616 2133 754 2195 ἐιιιυιὸῶν
785 2129 986 2197 disseruisse
1018 2136 1120 2198 antea
1150 2129 1303 2196 diximus.

163 2241 301 2309 illorum
332 2241 484 2307 virorum
515 2241 585 2307 sine
616 2240 715 2308 dubio
740 2245 838 2319 sunt,¹
868 2263 953 2328 quae
976 2240 1017 2307 de
1040 2240 1209 2326 ἀχνυμένης
1233 2264 1305 2302 οκυ-

162 2351 254 2437 τάλης
286 2374 367 2419 voce
390 2350 426 2416 in
449 2350 585 2417 scholiis
609 2354 644 2416 et
667 2349 784 2416 lexicis
807 2351 979 2436 leguntur.
1029 2350 1086 2416 ubi
1108 2349 1217 2417 multa
1239 2347 1307 2415 alia

161 2459 272 2528 latere
297 2466 426 2528 certum
449 2464 502 2527 est
526 2483 566 2526 ex
589 2459 659 2526 illis
683 2459 931 2526 commentariis
953 2463 988 2526 et
1003 2459 1128 2527 libellis
1148 2441 1304 2542 servata;

160 2568 324 2656 imprimis
348 2569 566 2655 inHesychic
589 2569 697 2636 multa
719 2569 866 2635 inveniri
889 2569 1059 2654 videntur,
1082 2569 1118 2635 id
1140 2568 1229 2656 quod
1245 2568 1306 2634 hcc
1397 2562 1398 2565 ¹

160 2676 234 2744 loco
258 2678 424 2746 monuisse
448 2678 532 2745 satis
557 2682 620 2745 est.

251 2788 397 2855 Praeter
429 2788 580 2855 virorum
615 2788 790 2856 doctorum
820 2786 1001 2856 editionem
1035 2787 1306 2878 quaestiunculas

163 2896 232 2964 alia
254 2897 414 2965 memoria
436 2897 551 2986 paucis
575 2897 776 2983 attingenda
798 2902 851 2966 est
884 2899 977 2965 cuius
1009 2899 1196 2967 auctoritas
1231 2921 1306 2966 ver-

162 3015 265 3093 gente
289 3007 514 3095 antiquitate,
539 3031 611 3073 cum
635 3007 783 3076 homines
806 3008 943 3074 illarum
966 3009 1150 3076 editionum
1172 3011 1307 3076 uberta·

163 3120 232 3182 tem
256 3140 417 3204 spernere
439 3117 637 3205 inciperent,
662 3117 746 3184 satis
769 3119 886 3205 gravis
910 3119 1126 3186 reddebatur.
1193 3119 1229 3184 in
1251 3139 1307 3184 an·

163 3225 325 3312 tholegiis
349 3226 497 3293 carmina
519 3227 646 3294 selecta
668 3250 728 3315 per
751 3229 887 3315 longum
910 3234 1042 3317 tempus
1071 3229 1307 3310 tradebantur,

165 3336 316 3422 quamvis
339 3358 480 3424 parvam
504 3337 707 3425 reliquerint
729 3339 932 3404 memoriam.
986 3347 1099 3407 tamen
1123 3339 1225 3406 etiam
1247 3359 1308 3402 ncs

166 3450 306 3531 praeter
329 3445 487 3514 Orionem
510 3447 668 3514 habemus
692 3445 878 3535 exemplum
901 3448 1096 3530 Stobaeum,
1121 3448 1214 3514 cuius
1236 3448 1309 3514 fon·

168 3557 237 3620 tem
266 3555 339 3642 ipso
372 3555 479 3621 multo
512 3557 735 3624 vetustiorem
767 3580 840 3624 esse
873 3557 995 3624 Dielsii
1018 3557 1130 3626 Elteri
1164 3557 1308 3623 aliorum

168 3662 461 3758 explanationibus
492 3665 716 3752 cognovimus.
771 3667 822 3732 ita
854 3667 957 3735 etiam
979 3666 1175 3733 Archilochi
1204 3686 1311 3753 pauca

167 3772 317 3838 carmina
339 3772 673 3859 circumferebantur,
698 3776 790 3842 cuius
814 3777 865 3843 rei
887 3776 1035 3862 vestigia
1058 3779 1211 3864 (praeter
1235 3774 1311 3842 Sto·

167 3881 297 3970 baeum)
320 3881 373 3948 hic
395 3881 466 3949 illic
490 3906 690 3970 cognoscere
721 3885 823 3951 etiam
852 3887 947 3954 nobis
977 3886 1078 3953 licet:
1114 3883 1310 3970 anthologia

166 3991 353 4058 utebantur
376 3997 411 4058 et
434 3991 493 4059 alii
510 3992 546 4078 18)
579 3997 614 4060 et
644 4000 763 4060 auctor
787 3994 1022 4083 Olympiodori
1044 3994 1311 4080 scholiastaeque

167 4097 315 4168 Aristot.
340 4100 381 4167 de
394 4123 458 4188 quc
483 4102 526 4167 ad
547 4103 614 4168 fra
637 4125 784 4189 agemus.
873 4104 1049 4171 morientis
1065 4102 1154 4189 ignis
1170 4123 1311 4189 parvam

168 4207 351 4276 scintillam
374 4214 453 4298 post
475 4233 613 4298 magnas
637 4213 796 4278 tenebras
814 4212 1109 4301 deprehendimus:
1134 4235 1210 4279 nam
1226 4211 1310 4278 Ocn-

165 4319 334 4387 stantinus
348 4320 468 4404 Rhod,
492 4320 561 4388 Leo
584 4320 804 4409 philosophus
836 4332 875 4391 ut
904 4323 1066 4390 sermonis
1089 4322 1213 4390 lumine
1237 4344 1312 4389 ver-

171 4476 376 4491 ”Q

243 4565 290 4638 la)
308 4566 336 4620 cl
354 4564 428 4624 inira
447 4571 528 4628 n.2a.
