3094 5002
812 313 855 383 10

390 487 549 564 Ἀίλάνατύς
573 517 620 555 σοι
639 495 709 564 παῖς
730 489 781 556 καί
803 491 939 576 ἀοίδιμος
962 494 989 555 ὦ
1010 488 1196 564 macitha:

390 601 487 665 ἔσσετ’
511 603 541 666 ἐν
563 603 776 687 ἀνθρώποισιν,
800 603 833 674 δς
855 599 891 665 ἄν
912 603 1029 686 πρῶτός
1053 626 1087 664 σε
1108 600 1268 686 προσείπηι

391 710 462 795 νηδς
485 718 539 795 σῆς
562 711 717 797 ἀποβάντα
738 712 825 797 ρίληι
846 713 878 774 ἐν
901 712 1019 796 πατρίδι
1041 712 1136 794 γαίηι.

259 818 410 907 priorem
440 820 570 888 oraculi
600 827 733 908 partem
757 821 908 893 ἀθάνατος
931 859 974 870 -
1005 821 1176 905 ἀνθρώποις
1198 819 1333 884 Οοοοιο.
1352 839 1410 904 ap.

259 926 383 994 Euaeb.
392 927 434 1014 27)
455 951 507 1016 pr.
518 953 569 996 eu.
582 931 616 996 V
631 930 673 995 33
696 930 834 1018 repetit
879 929 969 1016 quod
991 928 1164 995 oraculum
1186 951 1225 996 eo
1251 931 1410 1013 tempore

259 1043 372 1104 ortum
394 1060 468 1104 ease
490 1043 635 1128 apparet
657 1063 722 1127 quo
745 1037 942 1105 Archilochi
972 1061 1093 1104 nomen
1113 1059 1271 1123 magnum
1292 1033 1408 1102 reddi·

258 1149 331 1214 tum
353 1148 498 1213 omnium
520 1148 557 1213 in
578 1171 639 1215 ore
660 1153 871 1216 versaretur.

347 1255 472 1323 Cetera
502 1261 617 1324 autem
647 1281 714 1324 non
746 1258 817 1324 sine
849 1257 965 1324 fructu
987 1281 1048 1323 nos
1070 1259 1307 1344 perscrutatos
1330 1276 1407 1320 esse

257 1367 351 1451 puto.
396 1386 474 1431 nam
505 1387 590 1454 quae
612 1365 654 1432 dc
676 1365 807 1433 colonia
830 1367 969 1449 Thasia,
998 1366 1040 1433 de
1073 1387 1197 1452 genere
1227 1367 1263 1429 et
1292 1365 1406 1428 morte

258 1471 455 1539 Archilochi
482 1471 671 1539 audivimus
702 1495 805 1540 verae
836 1474 1017 1541 memoriae
1038 1472 1228 1560 antiquitus
1251 1468 1405 1535 traditae

257 1577 375 1646 deberi
397 1579 557 1646 videntur
588 1584 691 1668 atque
722 1581 826 1667 digna
854 1581 974 1669 quibus
1002 1580 1039 1646 in
1064 1579 1261 1669 exponenda
1282 1576 1405 1644 Archi·

258 1687 347 1754 loohi
369 1689 443 1756 vita
464 1694 610 1756 utamur.

345 1798 387 1863 ln
409 1821 474 1886 quo
496 1798 634 1884 negotio
656 1799 799 1866 multum
824 1799 1024 1866 adiuvamur
1046 1798 1177 1865 Critiae
1206 1794 1402 1863 testimonio

257 1905 348 1993 apud
379 1906 560 1973 Aelianum
592 1933 624 1974 v.
637 1907 668 1974 h.
681 1909 715 1973 X
728 1909 769 1974 13
801 1915 955 1975 servato:
989 1909 1118 1972 αἰιιᾶται
1147 1905 1270 1991 Κριτίας
1304 1902 1404 1990 Ἀρχί-

257 2017 348 2101 λοχον
372 2006 417 2078 ire
445 2016 570 2081 κάκιστα
599 2016 705 2080 ἑαυτὸν
735 2016 831 2081 εἶπεν·
863 2019 888 2082 εἰ
918 2016 975 2102 γάρ
1006 2019 1058 2102 μή,
1082 2016 1183 2102 φησίν,
1200 2017 1317 2086 Ἐκεῖνος
1339 2039 1404 2077 τοι·

258 2123 352 2208 αύτην
381 2126 468 2196 δόξαν
499 2125 572 2210 ὑπὲρ
602 2127 710 2190 ἑαυτοῦ
742 2127 784 2199 είς
815 2126 882 2199 τοὺς
898 2121 1053 2210 Ἕλληνας
1082 2127 1254 2210 ἐξήνεγκεν,
1289 2124 1343 2186 οὖα
1366 2122 1402 2186 ἂν

257 2234 436 2320 ἐπυίίύμείία
457 2238 544 2319 τ’,μεῖς
567 2234 635 2298 οὔτε
656 2228 702 2299 hrt
721 2233 861 2308 Ἐνιποῦς
884 2235 947 2308 υἱύς
969 2237 1007 2321 ἦν
1029 2243 1082 2319 τῆς
1105 2235 1230 2318 δούλης,
1265 2232 1331 2296 οὐθ’
1356 2221 1402 2295 in

254 2345 427 2421 καταλιπὼν
452 2343 553 2430 Πάρον
577 2343 627 2409 διά
649 2345 751 2410 πενίαν
773 2345 823 2409 καί
853 2346 979 2431 ἀπορίαν
1005 2345 1099 2430 ἦλθεν
1131 2345 1161 2416 ἐς
1184 2343 1300 2422 Θάσον,
1332 2339 1401 2404 οὔθ’

258 2443 303 2516 ὅτι
334 2454 434 2516 elohe
462 2455 523 2526 τοῖς
554 2455 685 2519 ἐνταῦθα
716 2454 827 2542 ἐχθρὸς
856 2456 989 2537 ἐγένετο,
1022 2454 1090 2519 οὔτε
1123 2454 1181 2538 μὴν
1212 2444 1257 2515 ὅτι
1288 2451 1401 2536 ὁμοίως

256 2566 325 2636 τοδς
348 2563 451 2650 φίλους
472 2562 613 2637 καὶτοὺς
635 2566 764 2651 ἐχθρούς
785 2571 887 2638 κακῶς
911 2564 1005 2648 ἔλεγε.
1051 2563 1123 2649 πρὸς
1153 2561 1187 2626 δὲ
1215 2567 1344 2642 τούτοις,
1379 2561 1400 2646 ἦ

259 2662 338 2752 δ’ύς,
362 2669 429 2736 οὔτε
451 2663 496 2736 ‘ira
520 2673 625 2760 μοιχὸς
646 2675 684 2760 ἧν
706 2675 840 2760 ἧιδειμεν
865 2675 899 2739 ἂν
922 2677 948 2738 εἰ
972 2674 1013 2760 μὴ
1037 2673 1106 2758 παρ’
1128 2673 1218 2736 αύτοῦ
1243 2673 1400 2756 μαθόντες,

257 2778 326 2844 οὔτε
348 2771 393 2845 ’ύτι
415 2780 522 2864 λάγνος
544 2780 593 2846 καὶ
617 2782 773 2868 ὑβριστής,
798 2780 847 2847 καὶ
869 2781 903 2846 τὸ
925 2782 968 2846 ἔτι
990 2782 1104 2846 τούτων
1127 2781 1255 2867 αἴσχιον,
1278 2771 1324 2843 ὅτι
1346 2777 1400 2863 τὴν

257 2890 370 2955 ἀσπίδα
392 2889 551 2977 ἀπέβαλεν.
590 2892 644 2955 οὐκ
666 2890 782 2975 ἀγαθὸς
802 2891 860 2977 ἄρα
875 2893 913 2977 ἧν
933 2894 950 2954 ὁ
966 2889 1137 2978 Ἀρχίλοχος
1153 2889 1262 2975 μάρτυς
1278 2890 1400 2969 ἑαυτῶι,

255 3009 386 3064 τοιοῦτον
426 3000 513 3072 κλέος
551 2999 706 3064 ἀπολιπὼν
743 2999 794 3065 καί
825 3000 963 3086 τοιαύτην
994 3001 1106 3064 ἑαυτῶι
1136 3001 1251 3084 φήμην.
1306 2998 1402 3062 ταῦτα

255 3109 311 3173 οὐκ
331 3109 392 3191 ἐγὼ
415 3107 464 3172 τδν
486 3107 656 3196 Ἀρχίλοχον
680 3111 838 3196 αἰτιῶμαι,
869 3107 946 3175 ἀλλὰ
968 3106 1100 3195 Κριτίας.
1146 3107 1187 3174 (le
1217 3126 1282 3194 quo
1310 3106 1402 3194 quod

256 3215 396 3284 Oruaius
418 3239 485 3283 non
515 3216 736 3284 confidentius
759 3217 912 3306 loquitur
932 3242 955 3306 p
973 3217 1048 3300 491,
1064 3219 1108 3284 58
1135 3238 1197 3304 per
1219 3213 1402 3281 Aelianum

255 3323 384 3392 factum
406 3346 479 3392 esse
503 3323 649 3394 videtur.
686 3329 724 3393 at
738 3325 903 3392 Aelianus
925 3325 962 3392 in
983 3325 1026 3391 iis
1049 3347 1134 3414 quae
1156 3323 1198 3392 de
1221 3345 1281 3390 suo
1304 3344 1402 3411 prae·

257 3431 352 3502 misit
385 3431 506 3500 infelix
540 3433 628 3500 fuit:
661 3456 768 3521 neque
802 3433 917 3501 verbis
948 3424 994 3498 itt
1023 3433 1149 3498 κάκιστα
1182 3433 1288 3500 ἑαυτὸν
1319 3433 1401 3500 εἶπεν
1461 3465 1465 3469 ·

254 3563 328 3609 rem
349 3546 524 3610 assecutus
548 3546 602 3610 eat
623 3565 685 3610 noc
704 3546 798 3610 reete
819 3542 963 3610 critiam
984 3542 1068 3610 dicit
1089 3541 1286 3611 Archilochi
1307 3565 1403 3611 aeca-

256 3657 415 3720 catorem.
455 3652 553 3719 immo
576 3650 670 3719 illius
693 3657 730 3720 et
752 3652 926 3720 consilium
949 3655 985 3719 et
1014 3651 1202 3719 auctoritas
1226 3652 1336 3720 elucet
1358 3676 1402 3720 ex

255 3760 298 3828 iia
321 3759 436 3828 verbis
459 3760 579 3850 quibua
602 3760 675 3850 ipse
696 3784 769 3828 rem
791 3760 1044 3850 comprehendit
1065 3761 1120 3825 οὐκ
1143 3760 1258 3844 ἀγαθὸς
1281 3760 1341 3848 ἄρα
1363 3763 1401 3848 ἦν

256 3870 272 3932 ὁ
297 3866 468 3958 Ἀρχίλοχος
492 3868 637 3955 μάρτυς
659 3870 786 3935 lactor:
817 3868 1048 3937 testimonium
1076 3868 1236 3936 habemus
1268 3891 1311 3936 ex
1332 3869 1401 3936 Ar·

332 4149 379 4218 27)
397 4163 476 4218 qoem
495 4146 687 4202 Theodoretaa
705 4163 748 4216 gr.
767 4145 812 4201 aff.
830 4161 888 4200 cur.
908 4161 926 4212 p
947 4144 1022 4214 141„
1040 4144 1196 4212 exscripsit.
1214 4175 1249 4185 -
1268 4145 1321 4202 Dio
1337 4147 1403 4205 Chr.

256 4243 344 4295 01:23
360 4242 391 4296 12
406 4241 512 4298 Iaool
532 4241 603 4297 idem
616 4249 739 4312 spectat:
759 4245 890 4314 τοιγαροῦν
910 4241 986 4310 μόνος
1003 4239 1047 4292 καί
1066 4239 1129 4308 μετὰ
1147 4239 1265 4311 τελευτὴν
1282 4241 1327 4294 καὶ
1344 4244 1402 4314 πρίν

255 4335 272 4407 ἢ
291 4334 404 4406 γινέσθαι
421 4342 468 4410 τῆς
494 4337 611 4410 μεγίστης
633 4337 707 4410 ἔτυχε
724 4336 864 4409 μαρτυρίας
881 4335 949 4407 παρὰ
966 4337 1012 4386 τοῦ
1032 4333 1161 4402 δαιμονίου
1180 4372 1187 4386 .
1205 4371 1213 4386 .
1232 4370 1240 4385 .
1258 4341 1308 4387 τῶι
1324 4339 1403 4411 πατρί

257 4428 283 4483 δὲ
309 4429 387 4484 αὐτοῦ
412 4433 562 4504 χριωρίνωι
586 4431 635 4505 πρὸ
659 4436 706 4503 τῆς
731 4431 855 4502 γενησιως
881 4425 1007 4481 ἀθάνατόν
1032 4428 1057 4480 ol
1079 4427 1156 4480 παῖδα
1180 4427 1206 4497 (δ
1225 4425 1319 4488 Πύθιος
1337 4430 1402 4508 ἔφη)

254 4524 409 4598 μνήσασθαι.
723 4583 726 4590 ,
819 4583 822 4587 ,
1125 4579 1128 4584 .
1357 4567 1361 4572 -
1404 4575 1409 4585 .
