3094 5002
406 533 491 624 ἐἰμὶ
514 533 604 618 δ’ἐγὼ
629 533 768 620 θεράπων
795 532 846 620 μὲν
869 528 1037 598 Ἐνυαλίοιο
1061 530 1186 606 ἄνακτος
1218 559 1219 564 ’

445 713 454 729 ‚
473 643 523 710 καὶ
548 643 696 710 Μουσέων
720 641 830 730 ἐρατὸν
848 645 941 729 δῶρον
966 641 1185 726 ἐπιοτάμενος.·
1324 728 1325 732 ¹

256 741 449 822 ministrum
482 753 591 842 igitur
626 775 662 820 se
684 751 837 841 appellet
859 749 982 818 Martis
1013 773 1080 817 non
1102 749 1292 834 Musarum,
1316 772 1401 843 quus

256 861 422 955 poeticum
456 865 566 930 ortem
597 859 662 927 sibi
694 861 836 928 donasse
847 859 886 948 ¹⁵)
921 859 1103 948 profitetur
1138 859 1256 927 doctus
1290 861 1403 948 poete.

257 974 378 1039 contre
401 971 613 1038 oraculorum
635 973 755 1037 auctor
771 992 844 1036 oum
861 968 1030 1055 θεράποντα
1048 967 1201 1033 Μουσάων
1224 967 1312 1034 dixit
1334 967 1402 1034 ulio

257 1102 337 1146 usus
373 1082 426 1146 est
460 1077 593 1145 nomine
627 1077 714 1165 quod
746 1099 813 1144 non
842 1079 884 1144 ab
908 1075 1112 1143 Archilocho
1145 1075 1205 1143 sed
1237 1099 1278 1144 cx
1310 1073 1405 1162 epioe

256 1187 351 1289 poesi
373 1189 549 1255 mutuatus
572 1193 625 1254 est
637 1185 684 1272 1⁸).

269 1370 272 1374 ,
345 1295 427 1364 Cum
449 1295 557 1384 igitur
581 1294 718 1362 oracula
739 1293 972 1361 Archilocheis
1002 1291 1117 1361 'verbis
1145 1316 1212 1358 non
1235 1289 1403 1358 adornate

257 1406 330 1483 esse
353 1381 562 1492 apperuerit,
587 1402 689 1470 etiam
712 1402 752 1470 de
777 1402 907 1489 origine
931 1425 1046 1469 eorum
1069 1400 1176 1467 adhuc
1197 1399 1282 1488 nihil
1305 1400 1402 1466 effec-

256 1515 329 1582 tum
353 1517 422 1599 est,
454 1512 521 1581 nisi
552 1511 641 1600 quod
671 1535 738 1578 non
760 1511 853 1579 inani
876 1533 978 1599 opera
1001 1533 1041 1578 ca
1064 1534 1105 1577 ex
1128 1505 1309 1576 ourminum
1331 1508 1402 1573 fru-

257 1623 358 1692 stulis
373 1622 554 1712 compilata
567 1644 639 1689 esse
664 1621 809 1694 scimus„
836 1642 941 1710 quere
963 1622 1071 1688 testes
1096 1621 1233 1708 oportet
1255 1617 1402 1684 interro·

256 1755 358 1820 gere3
382 1732 448 1798 iam
472 1731 560 1820 quod
582 1729 840 1820 interpretando
863 1729 1050 1796 invenimus
1074 1750 1146 1794 eam
1168 1725 1403 1794 narratiuncu-

255 1840 324 1907 lam
352 1841 420 1906 non
449 1842 490 1906 ab
522 1839 654 1907 homine
686 1837 828 1926 quodam
851 1819 1080 1925 Peripatetico
1111 1835 1288 1902 conflatum
1318 1857 1402 1916 esse,

256 1951 296 2016 ut
318 1948 460 2015 haberet
490 1969 575 2036 quae
607 1947 647 2014 de
679 1949 799 2035 poetae
830 1945 904 2012 vito
937 1945 1080 2024 diceret,
1117 1943 1177 2010 sed
1205 1949 1320 2010 aetate
1342 1941 1404 2008 ills

233 2060 373 2152 natam
403 2080 476 2125 esse
508 2055 561 2124 cui
591 2056 662 2123 eius
693 2055 828 2143 generis
860 2057 1057 2127 commenta,
1075 2053 1227 2121 tribuere
1258 2051 1404 2118 nondum

256 2165 375 2246 liceat5
408 2163 600 2234 Aristotele
631 2166 723 2233 teste
746 2166 875 2230 certum
897 2162 946 2230 fit.
992 2161 1136 2250 quiquo
1161 2167 1299 2228 auctore
1322 2181 1403 2226 usus

256 2273 304 2340 sit
326 2296 387 2340 nos
405 2273 537 2364 quidem
551 2275 715 2341 nescimus
725 2272 773 2360 17).
806 2278 921 2360 potest
945 2270 1089 2358 cogitari
1105 2271 1146 2337 de
1168 2269 1243 2338 vite
1264 2271 1404 2337 vetusta

256 2382 345 2450 sicut
360 2381 573 2449 Homericam
588 2381 790 2449 Hesiodcsm
805 2380 963 2448 habemus
975 2379 1025 2466 18),
1049 2382 1165 2467 potest
1181 2378 1222 2445 de
1244 2376 1405 2446 memoria

258 2489 327 2578 slis
342 2490 433 2559 inter
445 2491 565 2559 Parios
582 2491 638 2559 vel
653 2489 795 2558 Thasios
810 2487 1023 2577 pervulgate,
1048 2491 1143 2574 ὥρους
1159 2487 1241 2554 dico.
1276 2485 1403 2555 certius

259 2597 300 2664 de
324 2619 364 2666 ee
385 2620 424 2671 re
456 2599 554 2689 loqui·
572 2598 718 2666 nondum
740 2597 820 2665 licet
831 2596 877 2681 19).
924 2600 1043 2664 eontra
1066 2619 1151 2685 quae
1173 2595 1217 2662 ad
1240 2593 1405 2681 originem

258 2694 499 2797 explorandam
529 2706 658 2798 aliquid
689 2707 806 2773 valere
827 2705 909 2771 mihi
932 2704 1091 2773 videntur
1114 2705 1264 2771 efferam.
1310 2701 1403 2770 Aloi-

258 2813 373 2887 damas
409 2815 499 2904 apud
531 2815 680 2890 Aristot.
704 2814 791 2882 rhet.
808 2813 845 2880 Π
859 2813 902 2880 23
913 2811 949 2896 ²⁰)
984 2835 1058 2882 cum
1096 2811 1138 2880 de
1171 2810 1287 2878 multis
1326 2809 1403 2880 aliis

260 2975 467 2986 m—

332 3064 375 3132 15)
395 3061 495 3118 nobilis
524 3079 589 3118 usus
615 3063 710 3132 paucis
738 3063 870 3132 exemplis
890 3060 1024 3128 defungar
1043 3059 1061 3115 6
1079 3060 1140 3116 481.
1160 3061 1213 3114 488
1231 3059 1335 3114 Hcsiod
1353 3060 1406 3116 Th.

256 3155 401 3228 2293103
421 3153 454 3210 0.
472 3155 525 3210 662
545 3155 601 3211 sol.
622 3159 678 3228 19Ιί
700 3157 786 3225 epigr.
806 3156 873 3210 226ει
892 3159 915 3210 2.
936 3156 1001 3224 655,
1019 3153 1053 3208 K.

332 3247 373 3314 16)
393 3245 429 3298 ad
450 3246 592 3315 Aristoph.
612 3248 661 3303 Αν.
681 3249 734 3304 909
753 3249 806 3302 913
831 3247 916 3302 schol.
936 3245 961 3297 V
986 3245 1114 3300 adferunt
1133 3246 1271 3313 Murgitee
1297 3261 1403 3301 versum

257 3335 283 3392 fr
306 3341 330 3409 1Ι
350 3339 394 3392 Ki.
414 3335 442 3392 cf
460 3347 604 3407 praeterea
623 3340 713 3411 hymn.
733 3341 811 3394 Hom.
830 3341 897 3410 32„.
917 3338 982 3393 Hes.
1002 3338 1053 3393 Th.
1076 3339 1127 3392 100
1145 3338 1267 3407 Theogn.
1287 3341 1347 3392 769.

334 3431 379 3499 17)
399 3430 472 3498 quod
491 3431 628 3486 Christius
648 3431 695 3486 Gr.
716 3431 840 3486 bnt-G.
855 3431 866 3464 ⁸
881 3433 943 3502 135,
963 3431 1080 3484 coniecit
1098 3431 1219 3487 fabulam
1246 3435 1274 3488 in
1295 3435 1406 3490 Alcida·

257 3524 358 3578 mantis
378 3513 497 3594 μουοείωι
515 3526 641 3580 extitisse
660 3526 829 3594 argumentis
848 3533 940 3579 curet:
966 3524 999 3578 de
1019 3541 1072 3593 quo
1091 3541 1161 3593 quse
1180 3527 1323 3583 Nitzsohio
1341 3545 1404 3583 auc·

256 3623 318 3674 tore
338 3617 568 3672 circumferuntur
588 3619 668 3670 nihili
687 3634 747 3672 esse
767 3618 822 3672 alio
843 3619 903 3672 loco
923 3633 1004 3686 spero
1023 3633 1066 3671 me
1086 3619 1273 3686 expositurum
1292 3635 1361 3675 etse.

280 3727 282 3732 ·
329 3711 373 3779 18)
394 3710 501 3778 qualem
515 3709 638 3776 crucies,
658 3711 704 3778 qui
722 3717 814 3764 tumen
827 3709 1052 3764 Piccolominium
1066 3718 1176 3765 secutus
1189 3713 1259 3766 hanc
1273 3711 1403 3769 fabellam

256 3803 436 3857 recentiorem
456 3801 553 3868 hebet,
581 3802 766 3859 Aleidumenti
785 3811 877 3860 notam
898 3803 983 3856 fuisse
1002 3802 1019 3856 l.
1032 3802 1049 3856 l.
1070 3819 1087 3870 p
1105 3805 1157 3857 496
1179 3805 1334 3873 suspicatus
1353 3815 1405 3864 est.

323 3897 375 3964 ,19)
395 3895 425 3950 cf
441 3896 632 3952 Wilsmowitz.
659 3896 744 3952 Arist.
756 3898 857 3952 uAth.
869 3897 896 3951 II
909 3900 949 3952 18.
973 3927 1009 3936 -
1034 3899 1191 3964 nuperrime
1220 3899 1342 3955 Hillerus
1370 3900 1405 3956 dc

257 3983 440 4055 Gscrtringen
460 3988 525 4042 Pari
545 3988 655 4043 titulum
675 3990 793 4056 invenit,
822 3989 894 4043 unde
912 3988 941 4043 id
960 3989 1032 4057 quod
1051 3990 1280 4047 Wilumouitzius
1300 4009 1404 4048 mecum

256 4080 463 4135 commonefecit
492 4098 544 4134 non
574 4082 661 4136 solum
691 4099 776 4138 novos
806 4082 937 4151 quosdam
965 4099 1060 4138 versus
1092 4099 1287 4152 cognoscemus
1312 4103 1404 4154 quam·

257 4162 337 4242 quam
358 4175 457 4228 misere
475 4163 633 4242 mutilatus,
653 4175 700 4231 sed
720 4176 803 4231 etism
823 4176 850 4230 id
868 4174 1005 4230 discemus
1024 4176 1114 4244 primo
1135 4193 1160 4231 a.
1180 4177 1243 4233 Chr.
1263 4195 1334 4234 esec.
1354 4181 1405 4235 Pa·

255 4266 327 4320 rium
353 4266 489 4320 hominem
517 4267 550 4321 de
576 4269 693 4324 Coerani
718 4269 793 4324 illius
823 4269 905 4324 Arch.
927 4268 953 4323 fr
968 4272 1018 4322 114
1041 4269 1183 4324 srchoutis
1211 4271 1286 4326 Parii
1311 4280 1403 4328 setstc

256 4361 355 4429 egisse.

327 4455 374 4524 20)
392 4454 445 4511 hoc
463 4454 645 4522 fragmentum
659 4471 675 4510 υ
689 4455 810 4525 Ssuppio
824 4472 903 4531 quem
916 4455 1055 4511 Vahlenus
1076 4456 1102 4510 in
1124 4458 1193 4512 sotis
1214 4475 1268 4514 soc.
1283 4459 1402 4516 vindob.

255 4548 345 4612 xmtl
363 4551 415 4604 502
442 4556 552 4605 secutus
578 4556 621 4607 est
647 4565 746 4622 perum
772 4557 847 4612 recte
871 4549 943 4608 inter
962 4549 1052 4608 Musei
1078 4545 1234 4626 fragmenta
1260 4563 1400 4626 receptum
