3094 5002
737 325 778 395 13

177 505 281 591 poeta
316 523 372 570 eos
403 525 471 570 non
500 505 540 572 ut
570 525 590 570 a
623 525 659 570 se
696 502 825 570 alienos
858 501 1006 582 inducit,
1040 497 1099 570 sed
1129 499 1324 588 quibuscum

177 613 250 701 ipse
265 611 491 683 ,familiariter
515 612 709 680 coniunctus
733 611 798 679 sit:
828 611 901 699 ipse
925 611 1049 679 nobilis
1071 610 1149 677 fuit.
1195 608 1323 676 sororis

179 719 339 785 maritum
361 741 434 787 curn
458 720 556 788 sociis
579 719 759 806 naufragio
791 719 980 786 demersum
1009 721 1086 787 tota
1114 719 1197 784 urbs
1228 717 1325 804 luget

181 827 274 912 (911).
321 826 545 895 Archilochus
569 827 642 916 ipse
664 826 826 894 nobilium
845 826 965 894 officiis
983 829 1018 894 et
1043 825 1324 894 oblectationibus

179 935 334 1003 interest.
380 936 416 1004 in
438 936 546 1004 bellis
559 936 721 1025 gravibus
745 935 848 1002 arinis
880 936 993 1003 utitur
1017 934 1323 1023 (2.6),11811110

179 1044 307 1130 gaudet
331 1045 393 1132 (1),
424 1045 598 1114 Abantum
620 1045 765 1113 nobilem
788 1043 968 1110 dimicandi
989 1066 1086 1110 usum
1108 1043 1324 1112 vehementer

181 1151 301 1220 laudat
325 1153 382 1240 (3).
429 1158 464 1221 et
487 1154 633 1221 inbelle
657 1159 692 1220 et
715 1151 751 1219 in
773 1153 848 1220 foro
879 1151 1181 1239 quamplurimum
1210 1150 1327 1218 valere

180 1263 215 1328 ct
238 1261 396 1349 populum
412 1283 536 1349 regere
552 1261 710 1345 ardet³²).
756 1259 855 1327 huius
870 1257 1026 1346 imaginis
1042 1259 1225 1329 veritatem
1242 1259 1324 1328 alio-

179 1391 254 1436 rum
277 1371 438 1458 exemplis
455 1370 593 1459 probari
608 1370 776 1438 invenies:
802 1367 995 1436 Semonides
1019 1371 1055 1435 et
1070 1368 1173 1436 Solon
1197 1391 1322 1436 summo

178 1478 252 1546 loco
287 1480 361 1547 nati
395 1479 497 1547 simili
530 1480 626 1547 modo
664 1486 841 1568 poetarum
875 1499 1012 1545 munere
1044 1480 1148 1565 atque
1177 1477 1323 1546 auetori-

178 1589 254 1653 tate
284 1591 446 1673 utuntur;
480 1588 695 1655 Mimnermus
729 1591 842 1656 autem
876 1587 1007 1673 αὐλητὴς
1037 1587 1100 1672 ἅμα
1126 1585 1175 1651 καὶ
1198 1583 1327 1670 ποιητὴς.
1434 1597 1439 1604 “

180 1695 320 1779 ἐλεγείων
353 1697 387 1761 in
421 1698 521 1763 rebus
555 1696 698 1784 publicis
728 1695 918 1765 tractandis
948 1695 1050 1762 aliam
1072 1694 1245 1782 ingressus
1270 1697 1323 1762 est

180 1803 286 1888 viam;
323 1808 357 1872 et
387 1807 462 1872 toto
493 1807 585 1873 eaelo
609 1806 790 1896 Hipponax
821 1805 939 1873 humili
961 1805 1033 1872 loco
1057 1807 1154 1872 ortus
1177 1806 1220 1871 ab
1246 1803 1324 1870 illo·

178 1935 253 1979 rum
275 1936 399 2000 genere
422 1919 524 2002 atque
547 1922 623 1983 arte
645 1916 788 1985 honesta
810 1915 928 1983 distat.

586 2332 705 2390 osPVT
724 2287 932 2392 ALTERVM„¹

245 2509 306 2576 DE
331 2509 620 2578 ARCHILOOHI
642 2513 837 2580 NOMINIS
860 2513 990 2583 APVD
1013 2511 1251 2598 ANTIQVOS

579 2626 925 2698 AVCTORITATE.

265 2839 438 2922 Quomodo
460 2841 658 2909 Archilochi
680 2865 800 2910 nomen
823 2866 884 2931 per
907 2843 1147 2932 antiquitatem
1169 2845 1321 2932 viguerit

179 2950 257 3016 dum
280 2950 471 3037 quaerimus
494 2950 581 3016 illud
602 2973 670 3018 nou
692 2949 773 3018 licet
796 2951 1048 3039 praetervideri
1069 2950 1233 3041 imprimis
1259 2975 1320 3020 nos

178 3057 231 3126 uti
255 3057 458 3146 scriptorum
482 3058 695 3127 testimoniis.
747 3081 946 3148 quamquam
974 3083 1041 3127 non
1072 3061 1181 3127 solum
1212 3061 1320 3128 totius

177 3166 294 3254 populi
317 3167 520 3246 seutentiam
543 3191 561 3235 e
583 3167 754 3235 nonnullis
778 3167 964 3236 elucentem
996 3168 1224 3256 agnoscimus,
1260 3170 1320 3238 sed

177 3275 279 3340 etiam
301 3275 410 3344 multa
432 3299 634 3343 summorum
657 3274 809 3342 virorum
831 3275 955 3342 iudicia
970 3276 1173 3362 invenimus
1194 3277 1246 3344 his
1263 3278 1322 3366 qui

177 3408 335 3452 summam
358 3385 514 3454 tribuant
537 3383 778 3452 auctoritatem
794 3384 830 3450 in
845 3384 907 3451 hac
922 3385 1119 3471 quaestione
1134 3408 1200 3453 non
1212 3386 1320 3454 multa

175 3518 274 3583 spero
298 3491 552 3562 desideraturos
576 3517 659 3561 esse.
705 3517 803 3582 quam
826 3516 933 3582 pauca
956 3493 1025 3560 sint
1050 3517 1134 3583 quac
1150 3495 1266 3562 dehac
1282 3520 1320 3564 re

177 3603 319 3670 sciamus
343 3603 448 3670 cuivis
473 3603 584 3669 obiter
616 3601 810 3690 inspicienti
844 3605 997 3691 apparet.
1051 3626 1128 3669 nam
1158 3627 1231 3670 oum
1253 3605 1319 3671 Ar·

172 3710 314 3777 chilochi
335 3733 459 3778 nomen
480 3734 542 3798 per
565 3713 673 3777 totam
696 3710 769 3777 fere
793 3709 1034 3797 antiquitatem
1056 3710 1191 3797 vigeret
1211 3715 1246 3778 et
1263 3734 1318 3800 op·

172 3819 249 3888 timi
272 3819 431 3906 cuiusque
454 3819 584 3886 animus
609 3817 812 3886 carminibus
833 3817 906 3884 eius
940 3822 1152 3902 moveretur,
1185 3820 1320 3906 singula

246 4073 292 4143 32)
312 4089 334 4126 e.
347 4090 371 4140 g.
386 4071 456 4126 1154
470 4088 501 4139 sq
521 4071 555 4124 58
570 4087 601 4138 sq
621 4073 668 4139 643
695 4071 730 4124 20
755 4069 861 4125 50-53
881 4075 916 4127 69
937 4073 1002 4126 129:
1022 4071 1145 4140 quamvis
1171 4071 1256 4124 multa
1274 4072 1322 4128 ho·

170 4185 230 4223 rum
251 4169 425 4235 vestigiorum
450 4167 543 4235 generi
567 4167 658 4233 poesis
681 4181 733 4220 nou
756 4173 854 4232 poetas
876 4167 986 4234 ingenio
1005 4168 1131 4231 tribuas,
1151 4174 1248 4218 tamen*
1262 4166 1322 4232 ipse

171 4261 239 4315 haec
267 4275 320 4314 non
350 4261 456 4312 minora
477 4273 537 4312 esse
557 4258 662 4312 censuit
682 4273 761 4325 quam
787 4266 873 4311 artem
901 4261 1038 4329 poeticam
1057 4257 1320 4313 Athenxivtth'lc

171 4351 316 4426 Ἀρχίλοχος
335 4355 394 4422 γοῦν
418 4349 511 4421 ἀγαθὸς
530 4349 566 4403 ὢν
585 4349 691 4422 ποιητὴς
710 4356 810 4422 πρῶτον
830 4351 993 4425 ἐκαυχήσατο
1011 4350 1040 4403 τὸ
1060 4349 1182 4404 1111111111
1209 4351 1322 4424 utrique

170 4451 223 4498 τῶν
243 4446 381 4503 πολιτικῶν
401 4445 516 4516 epitoma
538 4444 651 4518 tetrepcv
671 4443 809 4518 δ’ἐμνήσθη
830 4451 883 4499 τῶν
900 4446 957 4516 περὶ
975 4446 1022 4517 τὴν
1041 4445 1176 4518 ποιητικὴν
1195 4445 1322 4518 ὑπαρχόν-

169 4555 222 4593 των
242 4536 323 4591 atsur
345 4535 407 4591 ufir
420 4540 442 4590 1.
846 4551 850 4558 ’
