3094 5002
772 289 815 358 22

226 460 405 532 secundum
426 463 612 552 Diogenem
634 467 672 531 L.
683 465 736 532 IX
759 467 777 531 1
811 467 969 533 censebat
999 462 1049 530 ’τόν
1082 457 1260 549 θ”Όμηρον
1285 460 1368 535 ἄξιον

224 573 257 637 ἐκ
280 579 338 636 τῶν
362 574 487 657 ἀγώνων
511 575 712 663 ἐκβάλλεσθαι
730 574 780 640 καὶ
798 576 978 662 ῥαπίζεσθαι
991 573 1041 638 καὶ
1057 573 1228 660 Ἀρχίλοχον
1244 572 1364 656 ὁμοίως.
1482 613 1498 641 ..

222 679 258 746 in
280 681 519 749 certaminibus
542 683 651 771 igitur
666 683 799 751 musicis
816 683 1059 751 recitabantur.
1104 705 1165 769 per
1181 679 1367 768 compluria

223 787 358 877 saecula
380 811 454 856 eum
473 777 572 857 ¹usum
595 791 736 859 durasse
759 791 985 879 agnoscimus:
1009 791 1044 856 in
1063 791 1144 856 Ione
1159 789 1293 876 dialogo
1305 787 1366 854 So·

224 899 337 964 crates
356 897 440 964 lona
461 899 666 988 rhapsodum
688 900 739 966 ita
760 900 956 986 interrogat
986 900 1080 986 psai
1105 898 1153 981 (cf
1162 897 1255 978 532);
1280 896 1366 958 πότε-

226 1033 275 1094 ρον
299 1006 366 1094 περὶ
384 1001 523 1094 Ὁμήρου
549 1011 635 1093 μόνον
660 1008 754 1081 δεινὸς
778 1007 804 1071 εἰ
831 1013 851 1093 ἢ
882 1007 932 1072 καὶ
963 1007 1029 1093 περὶ
1047 1003 1196 1071 Ἡσιόδου
1225 1002 1275 1068 καὶ
1299 1000 1365 1088 Ἀρ-

226 1117 370 1202 χιλόχου;
396 1114 470 1180 iure
493 1114 601 1200 igitur
617 1114 839 1201 Peripatetici
863 1137 935 1180 eam
949 1137 1020 1180 rem
1036 1114 1171 1200 dignam
1186 1113 1365 1195 habebant,

225 1223 266 1288 de
288 1244 355 1309 qua
376 1222 411 1287 in
433 1221 558 1288 libellis
583 1222 652 1289 suis
676 1225 781 1290 verba
800 1222 971 1290 facerent:
995 1245 1112 1310 nempe
1127 1221 1367 1308 gravissimum

225 1337 302 1399 erat
326 1331 411 1398 scire
434 1331 494 1397 hos
524 1354 663 1417 magnos
692 1339 811 1418 poetas
840 1355 901 1419 per
933 1331 1070 1418 longum
1103 1334 1235 1418 tempus
1266 1329 1368 1396 festis

225 1440 341 1507 diebus
365 1462 438 1506 cum
461 1441 608 1508 cuiusvis
631 1441 718 1507 artis
741 1440 948 1528 principibus
973 1441 1133 1508 sollemne
1162 1439 1265 1506 inisse
1295 1461 1367 1506 cer·

224 1552 347 1615 tamen.
393 1570 411 1614 e
438 1548 558 1635 quibus
582 1547 778 1615 Athenaeus
800 1549 887 1615 XIV
909 1550 998 1615 6200
1021 1547 1219 1614 Clearchum
1241 1550 1366 1613 testem

224 1656 343 1722 affert:
368 1639 525 1742 Κλέαρχος
550 1660 574 1720 δ’
585 1658 615 1720 ἐν
638 1666 688 1720 τῶι
704 1657 851 1743 προτέρωι
867 1656 934 1742 περὶ
956 1657 1069 1743 γρίφων
1107 1653 1159 1719 ιτοί
1182 1653 1366 1742 Ἀρχιλόχου,

127 1795 133 1806 r
228 1764 329 1849 φησίν,
353 1766 384 1847 [δ
400 1764 464 1831 del.
483 1765 599 1848 Kalb]
623 1764 790 1849 Σιμωνίδης
807 1767 822 1826 ὁ
839 1764 1002 1836 Ζακύνθιος
1025 1765 1055 1827 ἐν
1079 1765 1139 1835 τοῖς
1164 1763 1298 1847 θεάτροις
1316 1760 1366 1826 ἐπὶ

228 1873 335 1958 δίφρου
359 1873 528 1958 καθήμενος
551 1873 738 1959 ἐραψώιδει’.
793 1873 828 1938 in
850 1872 997 1940 theatris
1020 1876 1134 1938 autem
1156 1875 1192 1936 et
1214 1869 1249 1935 in
1272 1868 1366 1936 odeis

190 1989 193 1995 '
225 1978 389 2067 imprimis
414 1978 664 2060 recitabantur,
699 1978 743 2045 ad
776 2001 861 2066 quae
890 1977 1067 2065 rhapsodis
1102 1976 1232 2042 aditum
1259 1975 1366 2042 fuisse

226 2086 311 2154 satis
336 2087 480 2154 constat.
527 2109 566 2153 ea
588 2087 629 2152 de
652 2109 754 2153 causa
775 2087 1001 2168 Aristotelea,
1032 2109 1096 2174 quo
1120 2109 1184 2151 uno
1214 2081 1365 2169 exemplo

226 2196 411 2282 defungar,
445 2195 480 2261 in
507 2195 578 2262 Pol.
596 2196 707 2262 leaeo
723 2196 766 2262 20
798 2200 895 2264 vetat
917 2195 1044 2262 iambos
1070 2198 1106 2262 et
1137 2191 1322 2260 comoedias
1346 2211 1368 2256 a

227 2303 342 2390 pueris
366 2303 523 2390 spectari.
585 2327 664 2369 num
686 2302 881 2370 Archilochi
904 2303 1056 2391 exempla
1079 2300 1197 2389 quibus
1221 2299 1274 2364 illi
1295 2301 1369 2364 ute·

225 2413 350 2478 bantur
373 2413 502 2478 crebro·
516 2435 578 2478 usu
602 2411 744 2478 similem
766 2411 801 2477 in
824 2411 955 2477 modum
978 2416 1079 2498 atque
1095 2407 1275 2475 Homerica
1291 2429 1367 2474 ver·

228 2519 346 2585 borum
370 2541 592 2606 versuumque
623 2519 738 2586 varias
766 2519 891 2606 specics
924 2519 1156 2605 effingebant?
1200 2542 1260 2585 nos
1295 2516 1367 2606 qui·

227 2625 301 2692 dem
331 2625 372 2693 de
401 2649 441 2693 ea
470 2649 507 2692 re
535 2626 619 2692 nihil
653 2625 792 2692 scimus:
828 2629 942 2693 tamen
973 2650 1040 2692 non
1072 2626 1280 2692 reticendum
1313 2629 1368 2692 est

228 2734 453 2822 compluribus
477 2735 559 2802 locis
583 2735 732 2824 duplices
756 2734 848 2802 tradi
878 2735 1066 2825 scripturas
1099 2757 1183 2823 quae
1217 2736 1367 2802 fortasse

227 2841 305 2909 inde
328 2843 492 2930 originem
515 2843 650 2910 ducunt.
740 2867 846 2930 neque
870 2866 950 2909 vero
973 2865 1109 2925 necesse
1141 2847 1194 2910 est
1228 2867 1283 2912 eas
1317 2867 1368 2911 re·

226 2951 319 3040 spici,
342 2957 382 3018 ut
403 2953 496 3020 illius
519 2952 699 3020 memoriae
722 2952 959 3039 intellegamus
981 2952 1189 3039 gravitatem
1205 2975 1290 3042 quae
1305 2977 1368 3041 per

225 3060 363 3155 longum
386 3068 518 3150 tempus
541 3062 608 3128 nisi
641 3061 715 3128 sola
748 3066 860 3128 tamen
889 3060 1098 3128 nobilissima
1130 3061 1258 3129 occasio
1293 3065 1369 3130 erat

223 3174 344 3261 poetae
368 3172 598 3258 cognoscendi.

313 3280 459 3348 Athenis
483 3281 590 3348 medio
618 3281 691 3348 fere
722 3281 840 3368 quinto
873 3279 1004 3348 saeculo
1029 3278 1268 3346 Archilochum
1302 3303 1368 3346 om·

227 3389 324 3456 nibus
348 3395 465 3457 notum
487 3389 594 3456 fuisse
617 3390 778 3457 videmus.
824 3411 900 3457 nam
917 3389 1077 3456 Cratinus
1101 3413 1174 3455 cum
1196 3389 1232 3455 in
1247 3390 1368 3457 Archi·

225 3497 331 3565 lochis
355 3499 398 3564 ad
420 3503 541 3586 poetae
564 3522 699 3566 versum
732 3499 789 3588 qui
823 3502 876 3566 est
907 3499 1021 3583 (fr79)
1052 3497 1251 3584 Ἐρααρονίδη
1276 3501 1370 3588 Χαρί-

226 3611 281 3673 lue
303 3607 407 3695 χρῆμά
430 3633 474 3672 τοι
497 3611 612 3692 γελοῖον
644 3609 695 3675 ita
723 3608 892 3676 alluderet
914 3605 1035 3696 p15K
1067 3606 1268 3694 Ἐρασρονίδη
1302 3609 1369 3675 Βά-

229 3714 321 3778 θιππε
350 3725 407 3778 τῶν
432 3713 620 3799 ἀωρολείων,
653 3737 727 3780 eum
752 3713 862 3781 lusum
885 3735 905 3780 a
927 3712 1098 3801 plerisque
1126 3712 1282 3801 intellegi
1302 3738 1370 3782 non

226 3823 417 3910 ignorabat.
464 3823 578 3890 eodem
594 3823 701 3906 modo,
726 3824 848 3891 utalia
867 3822 1019 3911 exempla
1043 3826 1266 3912 praeteream,
1290 3823 1370 3890 Ari·

227 3929 336 4018 stoph.
362 3929 445 3996 Aah.
472 3931 534 3996 119
567 3931 761 3999 Archilochi
791 3933 825 3998 fr
838 3933 879 3998 91
921 3934 1039 4016 τοιήνδε
1077 3931 1135 3995 δ’δι
1169 3934 1280 4019 πίθηκε
1316 3933 1369 4019 τὴν

226 4038 323 4123 πυγὴν
347 4035 426 4123 ἔχων
450 4038 510 4105 hoc
533 4062 636 4106 versu
658 4040 694 4106 in
716 4039 909 4107 memoriam
938 4038 1075 4107 vocavit
1104 4041 1219 4106 τοιόνδε
1243 4044 1295 4104 aa
1319 4042 1369 4106 ni-

227 4148 303 4231 θηκε
325 4143 374 4208 τὸν
398 4149 519 4231 πώγων’
543 4147 631 4234 ἔχων.
731 4171 816 4236 quae
841 4172 896 4216 res
919 4172 986 4214 non
1008 4147 1095 4214 nrira
1118 4152 1180 4232 est,
1206 4148 1368 4236 siquidem

226 4253 372 4321 Athenis
396 4276 417 4321 a
438 4253 552 4342 pueris
577 4255 726 4322 carmina
749 4254 820 4321 eius
844 4254 1097 4324 ediscebantur:
1133 4256 1184 4322 ita
1217 4255 1367 4322 videmus

224 4361 260 4427 in
282 4362 344 4428 Ar.
366 4361 453 4429 Pace
477 4361 562 4428 1298
586 4386 649 4451 sqq
672 4361 848 4448 Cleonymi
876 4361 982 4428 filium
1011 4362 1177 4448 elegiacos
1209 4363 1368 4450 quosdam

225 4491 345 4539 versus
381 4471 427 4557 (fr
451 4471 549 4553 a-a)
585 4468 782 4539 memoriter
824 4469 1130 4567 pronuntiantem..
1177 4469 1288 4538 nescio
1324 4493 1368 4538 an
