3094 5002
782 303 825 374 14

226 479 320 552 illius
344 479 565 551 auctoritatis
587 486 798 571 pervagatae
828 486 863 550 et
894 479 1071 549 continuae
1103 479 1299 550 testimonio
1332 475 1378 547 nd

227 617 287 660 nos
311 595 550 681 pervenerunt.

243 709 244 714 ’
314 701 538 768 Archilochus
563 700 682 788 quibus
706 699 889 768 honoribus
913 723 974 768 sue
1005 704 1121 768 aetate
1153 704 1189 767 et
1222 699 1375 788 proximo

225 813 304 897 post
324 816 469 876 mortem
489 812 642 896 tempore
668 808 779 876 elutus
803 808 850 876 sit
872 808 972 896 plane
994 807 1169 876 nescimus.
1215 808 1251 873 in
1266 807 1375 895 primo

226 921 339 985 autem
361 917 451 1005 quod
472 917 632 985 habemus
657 916 853 984 testimonio
877 940 1039 983 summum
1055 938 1122 983 una
1137 940 1209 982 cum
1226 917 1374 983 Homero

225 1025 358 1095 obtinet
380 1026 508 1116 locump
544 1048 621 1092 nam
645 1025 810 1094 Heraclii.
835 1025 938 1114 Eph.‚
972 1026 1030 1113 qui
1053 1026 1170 1113 poesin
1193 1029 1373 1113 respueret

224 1139 263 1201 ul:
294 1134 451 1203 fallacem
474 1135 523 1218 (of
531 1136 566 1201 fr
580 1134 642 1201 111
656 1134 754 1221 Byw.
779 1137 923 1200 ἀοιδοῖσιν
955 1136 1076 1200 ἕπονται
1105 1133 1155 1200 καὶ
1187 1135 1375 1200 cleanthos

224 1243 373 1330 χρέωνται
396 1243 504 1328 ὁμίλωι
528 1243 581 1308 οὐκ
603 1243 716 1315 εἰδότες
741 1245 785 1306 ὅτι
807 1242 913 1308 πολλοὶ
934 1241 1022 1307 κοινοὶ
1045 1243 1140 1327 ὀλίγοι
1172 1242 1205 1306 δὲ
1237 1243 1372 1326 ἀγαθοί),

224 1353 407 1419 Homerum
423 1353 761 1441 Archilochumquee
785 1353 1024 1420 certaminibus
1048 1351 1183 1419 musicis
1204 1351 1374 1421 removeri

223 1459 362 1527 iubebat
392 1461 438 1543 (ir
453 1461 515 1527 119
538 1460 808 1547 Diog.L.IX1:
843 1462 892 1526 τόν
918 1462 946 1525 θ’
962 1452 1101 1547 Ὅμηρον
1132 1461 1262 1546 ἔφασκεν
1294 1459 1372 1548 [He-

223 1567 379 1658 raclitus]
392 1568 474 1648 ἄξιον
491 1571 525 1633 ἐκ
540 1576 599 1634 τῶν
615 1571 742 1654 ἀγώνων
758 1569 960 1656 ἐκβάλλεσθαι
973 1568 1025 1632 καὶ
1041 1570 1231 1655 ῥαπίζεσθαι,
1247 1567 1297 1632 καὶ
1309 1566 1371 1655 Ἀρ-

223 1676 347 1761 χίλοχον
367 1675 500 1760 ὁμοίως).
525 1700 606 1764 ergo
619 1676 688 1744 illis
701 1678 910 1764 temporibus
922 1701 994 1745 mos
1011 1682 1087 1744 erat
1099 1677 1283 1761 1>carmine
1298 1677 1369 1745 eius

225 1779 356 1867 publice
371 1781 548 1848 recitandi.
585 1807 648 1870 quo
665 1783 790 1850 honore
807 1783 1044 1850 Archilochum
1056 1786 1092 1849 et
1103 1783 1285 1849 Homerum
1301 1781 1371 1847 frui

223 1888 282 1955 vix
298 1890 390 1956 casui
413 1891 629 1958 tribuendum
652 1896 715 1973 est,
739 1916 814 1959 oum
833 1891 966 1980 saepius
987 1896 1027 1958 ut
1048 1891 1190 1959 duorum
1207 1913 1370 1978 generum

224 1997 343 2064 summi
382 2004 502 2086 poetae
539 2001 802 2087 coniunguntur,
842 2001 938 2069 velut
972 2000 1062 2090 apud
1090 2001 1188 2067 Dion.
1204 1999 1281 2066 Chr.
1295 1999 1370 2066 331

223 2103 323 2191 300A
357 2106 408 2170 δύο
433 2106 489 2193 γὰρ
520 2115 650 2193 ποιητῶν
681 2109 846 2192 γεγονότων
877 2110 906 2180 ἐξ
940 2109 1067 2181 ἅπαντος
1099 2113 1151 2173 τοῦ
1182 2109 1290 2181 αἰῶνος
1324 2105 1368 2180 οἷς

223 2214 331 2278 οὐδένα
354 2221 412 2279 τῶν
445 2213 544 2280 ἄλλων
577 2216 753 2304 ξυμβάλλειν
785 2216 864 2288 ἄξιον
883 2211 1022 2302 Ὁμήρου
1056 2239 1088 2281 τε
1121 2213 1170 2279 καὶ
1194 2213 1368 2303 Ἀρχιλόχου

221 2326 283 2389 κτλ.
329 2322 595 2392 VelleiPstero.
611 2325 682 2390 15:
706 2347 805 2407 meque
831 2347 1013 2406 quemquam
1043 2325 1155 2406 olium,
1190 2327 1280 2389 cuius
1301 2346 1370 2405 ope·

221 2431 269 2495 ris
294 2431 423 2512 primus
451 2441 563 2497 auctor
591 2434 705 2514 fucrit,
741 2434 777 2497 im
807 2453 839 2496 co
861 2433 1127 2514 perfectissimum
1152 2438 1279 2512 praeter
1303 2433 1368 2497 Ho-

220 2559 340 2603 merum
381 2545 410 2602 cl
450 2541 672 2606 Archilochum
711 2539 948 2624 reperiemos2).
1017 2538 1070 2605 his
1113 2561 1186 2605 cum
1226 2539 1367 2606 nitimur

222 2643 426 2713 testimoniis
451 2645 554 2713 etium
576 2646 784 2714 vetustiores
807 2651 964 2714 auctores
988 2646 1114 2712 certius
1137 2647 1367 2734 intellegimus

223 2752 281 2839 qui
304 2752 345 2819 de
367 2752 565 2844 Archilochi
587 2753 721 2840 ingenio
751 2776 818 2819 non
849 2753 957 2820 multa
988 2756 1093 2821 verbu
1126 2753 1273 2838 faciant,
1308 2755 1369 2822 sed

222 2860 421 2950 simpliciter
451 2861 521 2928 eius
552 2885 671 2928 nomen
701 2861 758 2928 vel
790 2863 895 2929 verbo
927 2851 1085 2929 afferant.
1138 2865 1252 2930 tamen
1282 2864 1369 2930 satis

221 2967 351 3036 diserte
373 2969 551 3054 locuntur;
584 2992 660 3036 nam
683 2969 813 3036 accedit
836 2969 978 3056 insignis
1002 2968 1197 3036 Archilochi
1219 2968 1366 3035 imitatio

222 3075 312 3164 apud
335 3076 596 3164 iambographos
620 3078 770 3164 tragicos
795 3077 935 3168 comicos
951 3080 1070 3166 poetas
1087 3077 1265 3164 conspicue
1283 3099 1366 3164 quos

220 3183 314 3251 illius
339 3183 528 3273 exemplum
551 3185 654 3251 etiem
676 3184 711 3251 in
733 3184 830 3251 novis
853 3185 1035 3272 generibus
1059 3185 1248 3252 excolendis
1274 3185 1366 3252 adiu·
1449 3196 1452 3201 ’

222 3291 283 3359 viu
331 3293 390 3359 sed
414 3315 486 3358 oum
510 3291 550 3359 de
573 3291 636 3357 hac
658 3315 696 3359 re
719 3291 876 3359 hocloco
899 3314 966 3358 non
989 3292 1153 3380 agendum
1177 3292 1224 3358 sit
1247 3292 1291 3358 ad
1316 3295 1366 3358 te·

226 3469 353 3479 man-au
392 3468 430 3478 nn

294 3575 320 3643 l)
340 3574 374 3628 de
393 3590 449 3644 qus
467 3574 495 3630 in
515 3572 640 3644 proximo
660 3571 752 3645 capite
772 3573 854 3644 plura
873 3575 952 3632 nobis
972 3573 1088 3634 dicenda
1108 3587 1179 3634 sont.

291 3671 320 3739 2)
338 3668 374 3722 cf.
394 3669 507 3722 Orosius
527 3683 570 3735 ap.
582 3667 823 3722 ruolium-wisa.
844 3669 869 3723 11
889 3673 949 3737 504,
961 3672 1004 3724 64.
1034 3701 1065 3711 -
1098 3672 1229 3725 Philostr.
1248 3685 1271 3725 ι.
1287 3667 1366 3739 soph.

220 3761 246 3816 lI
267 3765 357 3830 27,10
384 3761 499 3829 Longin.
528 3763 595 3834 τέχν.
615 3778 633 3829 p
651 3762 804 3830 187Sp·H
833 3764 990 3818 oratoribus
1016 3763 1147 3834 legendos
1176 3764 1369 3838 commendont⁴

218 3852 260 3922 (cf
277 3853 499 3922 cuinullum)
519 3853 667 3906 Homerum
696 3861 723 3906 et
752 3855 948 3908 Archilochum
977 3870 1036 3908 cum
1065 3858 1154 3923 poetis
1181 3859 1297 3926 tragicis
1323 3875 1365 3912 co·

221 3947 361 4015 minisque.
401 3947 455 4000 Cic.
468 3945 605 4000 nandeor.
617 3946 629 4000 I
643 3948 691 3999 107
712 3947 834 4014 loquitur
853 3947 886 4000 de
900 3947 1065 4014 imaginibus
1078 3948 1192 4003 Homeri
1201 3949 1365 4018 Archilochi,

217 4039 328 4094 Romuli
347 4039 469 4107 Numae,
498 4038 672 4110 Pythagorae
691 4038 824 4093 Plutonis.
856 4069 891 4078 --
920 4040 1080 4095 Archilochi
1099 4041 1203 4110 effigies
1223 4045 1250 4096 in
1270 4044 1366 4098 hermu

219 4134 336 4204 quodam
358 4150 417 4188 cum
441 4133 560 4188 Homero
579 4133 709 4202 coniungi
729 4133 844 4200 videtur,
873 4151 896 4190 ν.
916 4134 1042 4192 visconti
1060 4136 1134 4190 Icon.
1153 4154 1194 4204 gr.
1214 4137 1264 4192 16
1293 4136 1366 4190 Wel·
1392 4185 1394 4190 .

220 4228 318 4284 cheros
340 4243 433 4297 opusc.
454 4229 467 4284 I
488 4232 530 4283 74.
550 4259 582 4269 -
612 4228 647 4282 ab
667 4228 710 4282 his
729 4227 825 4282 differe
844 4226 952 4282 videtur
972 4228 1043 4297 qnod
1063 4229 1203 4285 Heraclid.
1223 4230 1302 4284 Pont.
1322 4245 1367 4299 sp.

217 4320 423 4390 oiog.n.vss
455 4322 511 4395 περὶ
534 4319 644 4394 Ὁμήρου
673 4319 715 4372 καὶ
744 4316 892 4393 Ἀρχιλόχου
921 4321 1068 4390 scripsisse
1096 4307 1184 4376 lertor
1213 4322 1255 4390 (cf
1273 4324 1367 4393 ρ54)ι

220 4429 284 4468 nam
303 4411 500 4469 Archilochum
520 4413 632 4469 Homeri
651 4410 769 4484 ζηλωτὴν
788 4410 873 4466 luisse
893 4419 1001 4466 veteres
1020 4428 1074 4468 non
1093 4413 1164 4483 fugit
1192 4415 1220 4469 cf
1239 4416 1289 4471 Dio
1301 4416 1365 4474 Chr.

219 4509 254 4562 oo
264 4506 290 4561 11
304 4508 353 4561 no
372 4506 423 4561 uo.
434 4525 460 4560 π.
472 4503 515 4578 op.
536 4501 702 4574 psum-v.
1284 4493 1291 4511 ·
