3094 5002
719 318 761 388 25

169 499 229 572 τοῖς
259 495 441 586 Ἀρχιλόχου
465 496 671 581 ὑπομνήμασιν
695 491 861 580 οἷ’ρητοιΗ)Ι
896 493 1047 582 ἀχνυμένη
1083 488 1223 576 σκυτάλη.
1261 481 1310 556 di

171 609 263 673 serte
286 629 367 694 pars
392 605 484 671 illius
508 604 739 671 commentarii
759 604 953 672 nominatur
975 604 1011 670 in
1026 604 1082 670 Et.
1098 602 1181 669 Gen.
1206 600 1312 683 (Flor.

170 714 279 781 Bito
304 746 343 772 =
368 713 454 782 Gud.
472 717 536 782 305
561 745 600 772 =
626 714 735 782 Crem.
760 714 1007 796 anrlveet,
1045 713 1102 782 ubi
1125 711 1216 780 vocis
1254 734 1310 773 νο-

131 831 135 849 *
172 824 387 910 ταπροΐξαοὺαι
421 823 639 912 explicationi
670 823 842 890 adduntur
874 825 980 890 verba
1020 824 1114 895 οὑτως
1157 821 1242 907 stipor
1280 821 1311 883 ἐν

173 933 361 1020 ὑπομνήματι
395 936 530 1000 irretitor
566 932 748 1020 Ἀρχιλόχου
781 934 816 1000 of
847 932 944 999 Crus.
968 933 1114 1020 peseto.
1172 931 1207 996 in
1242 929 1310 994 alia

170 1044 402 1110 commentarii
427 1048 526 1131 perte
556 1043 597 1110 de
627 1043 795 1128 τυραννίδος
825 1043 917 1110 vocis
957 1042 992 1109 fr
1007 1043 1063 1111 25³
1097 1040 1227 1127 origine
1257 1061 1312 1106 ex·

171 1152 322 1239 plantatio
346 1152 446 1237 fuito
469 1152 504 1218 id
527 1152 616 1240 quod
638 1151 821 1218 ethead.
844 1155 1037 1236 testantur;
1067 1149 1129 1218 hoe
1152 1149 1312 1233 ὑπόμνημα

172 1262 243 1328 sine
266 1262 365 1330 dubio
393 1263 554 1348 τριμέτρων
578 1267 662 1329 erat.
708 1266 967 1330 consentaneum
997 1261 1106 1348 igitur
1140 1263 1193 1327 est
1227 1278 1312 1325 eom-

171 1372 373 1439 mortarium
395 1372 502 1440 totius
527 1371 735 1439 collectionis
767 1372 945 1439 seeundum
975 1370 1156 1438 trerminum
1188 1389 1314 1456 genera

173 1479 317 1552 divisum
337 1481 450 1548 fuisse.
497 1504 696 1570 quamquam
713 1481 863 1569 partium
886 1482 956 1548 eius
980 1503 1137 1548 numerus
1161 1479 1311 1546 incertus

172 1595 240 1672 est;
265 1614 372 1678 neque
388 1575 531 1658 enimde
548 1591 805 1678 elegiaeoruml)
826 1615 932 1679 neque
949 1591 989 1658 de
1006 1590 1188 1656 carminum
1203 1588 1311 1654 incer-

172 1703 285 1768 torum
299 1699 321 1782 7)
355 1700 602 1768 commentariis
642 1704 777 1768 constat
811 1700 1015 1768 testimoniis
1049 1724 1116 1766 non
1153 1697 1310 1766 servatis

172 1809 360 1896 complures
383 1814 495 1879 autem
518 1811 560 1876 ab
585 1810 787 1876 Aristarcho
812 1810 957 1897 scriptos
981 1832 1054 1876 esse
1078 1832 1151 1875 cum
1174 1832 1212 1876 eo
1237 1829 1311 1873 con-

172 1919 279 2012 sentit
303 1919 389 2006 quod
413 1918 547 1985 aliunde
571 1919 611 1986 de
635 1919 706 1986 cius
729 1919 977 1986 commentariis
1007 1919 1138 1986 scimus.
1184 1916 1314 1984 scilicet

172 2027 247 2122 plus
272 2028 484 2116 octingentos
507 2029 642 2095 libellos
667 2029 887 2115 ὑπομνημάτων
907 2011 1008 2115 Ιμόνων
1031 2027 1184 2095 confecit.
1230 2027 1313 2093 haec

170 2135 278 2224 igitur
301 2137 371 2204 trie
393 2137 449 2206 vel
470 2138 615 2226 quinque
638 2139 863 2206 Archilochee
886 2140 1001 2208 eodem
1023 2139 1119 2205 modo
1151 2136 1312 2203 instituta

172 2269 245 2314 esse
279 2246 439 2314 videntur
475 2270 539 2335 quo
578 2247 807 2335 quadraginta
845 2253 920 2315 octo
958 2248 1020 2314 ille
1058 2246 1237 2314 Homerica
1271 2244 1312 2311 de

172 2357 291 2450 qnihus
337 2355 933 2444 cfcohn.ap.Psut.-W.11863.
988 2359 1029 2424 eb
1062 2357 1174 2424 altera
1213 2357 1313 2442 parte

171 2469 309 2553 praeter
333 2489 389 2532 eos
412 2488 495 2553 quos
518 2466 590 2553 ipse
614 2466 769 2550 ediderat
803 2467 905 2535 etiam
938 2467 1022 2535 elios
1052 2466 1237 2555 scriptores
1270 2465 1312 2530 ab

172 2597 210 2653 eo
245 2575 493 2643 commentariis
528 2575 714 2644 instructos
750 2600 823 2644 esse
865 2600 985 2663 magno
1026 2599 1140 2644 eorum
1174 2597 1312 2641 numero

172 2685 426 2771 comprobatur,
465 2683 516 2750 ita
546 2688 586 2752 ut
616 2684 656 2752 de
688 2685 834 2755 editione
857 2686 1053 2754 Archilochi
1081 2685 1209 2753 nullum
1235 2683 1312 2751 inde

169 2792 243 2882 peti
265 2792 367 2862 liceat
387 2797 634 2882 argumentum.

258 2902 361 2970 Cuius
385 2901 544 2970 editionis
568 2902 715 2989 vestigia
731 2925 804 2970 eum
819 2903 998 2989 agnovisse
1014 2904 1109 2971 nobis
1126 2903 1310 2984 videamur,

168 3015 271 3081 etiam
294 3011 379 3078 alios
403 3016 521 3099 poetes
535 3012 558 3095 8)
583 3013 704 3081 cursim
726 3012 961 3103 perquiramus
976 3036 1119 3083 neeesse
1135 3016 1198 3096 est,
1223 3011 1310 3080 unde

241 3238 268 3298 4)
288 3235 324 3296 ὡς
343 3267 377 3275 -
396 3237 493 3310 ιῖρητοιι
512 3237 589 3293 Vrst.
610 3240 650 3292 A:
677 3238 713 3298 ὡς
732 3239 775 3292 καὶ
794 3237 939 3312 Ἀρχθνοχος
958 3245 1009 3292 cet.

240 3349 269 3414 5)
290 3351 411 3422 τυράννου
438 3365 532 3404 vocem*
550 3351 707 3406 Archilochi
734 3359 826 3406 aetate
851 3352 879 3404 in
911 3368 988 3406 usum
1015 3351 1121 3405 venisse
1141 3349 1308 3418 Hermippus

170 3442 296 3516 sophista
314 3445 428 3512 (argum.
441 3442 523 3510 Soph.
538 3443 598 3512 ΟΒ)
618 3444 733 3511 viderat,
752 3444 872 3500 fortasse
892 3445 943 3501 hoc
963 3445 1123 3502 Archilochi
1143 3461 1222 3521 perso
1237 3461 1309 3499 usus.

187 3627 194 3636 „
240 3556 268 3622 6)
288 3553 315 3607 cf
333 3569 392 3624 eg.
411 3555 602 3614 Wilamowitz.
624 3556 713 3612 Goett.
733 3558 785 3624 gel.
805 3559 869 3614 dez.
893 3560 969 3625 1897,
989 3560 1050 3612 320.

187 3737 197 3745 .
243 3665 270 3731 7)
290 3682 452 3736 quamquam
473 3667 505 3722 de
520 3668 612 3738 hymni
631 3668 705 3724 iilius
725 3667 762 3738 (fr
776 3670 836 3734 119)
856 3676 997 3724 structura
1009 3667 1311 3725 sententiaeristarchi

170 3758 198 3809 in
218 3759 302 3814 schol.
322 3759 399 3814 Pind.
419 3760 441 3815 0
461 3762 498 3815 IX
525 3761 640 3816 affertur
660 3761 839 3816 Eratostheni
860 3763 989 3830 opposita
1008 3762 1042 3816 de
1061 3778 1115 3831 qua
1134 3768 1230 3830 postea
1250 3775 1311 3830 age·

169 3867 237 3905 mus.

242 3964 271 4034 8)
290 3963 323 4018 de
342 3966 475 4022 librorum
495 3966 676 4034 dispositione
695 3975 723 4021 et
741 3967 830 4022 titulis
850 3969 896 4034 qui
916 3969 971 4035 egit
991 3968 1192 4022 Heinemanous
1219 3967 1311 4021 studia

170 4055 287 4110 Solones
308 4058 397 4114 Berol.
411 4063 478 4115 1897
494 4077 510 4129 p
524 4064 558 4114 29
568 4078 618 4130 sqq
637 4062 806 4129 quaestionis
825 4061 1030 4116 fundamentum
1050 4062 1222 4129 perturbavit
1233 4062 1310 4114 testi-

170 4152 268 4212 moniis
288 4160 316 4210 et
335 4155 449 4208 vetustis
470 4165 497 4206 et
517 4155 713 4214 recentissimis
727 4155 786 4211 sinc
800 4155 956 4208 discrimine
974 4156 1110 4222 congestis
1121 4169 1190 4221 quae
1202 4153 1309 4221 quidem

168 4246 260 4298 omnia
278 4256 375 4313 poetas
396 4249 471 4315 ipsos
491 4259 618 4315 spectare
639 4257 724 4315 putet.
762 4249 809 4316 qui
829 4264 898 4316 quae
917 4249 950 4302 de
969 4248 1077 4304 Solonis
1101 4248 1179 4302 libris
1193 4250 1310 4316 protulit

169 4347 267 4406 postea
285 4341 365 4394 nobis
392 4343 559 4398 recensenda
588 4351 676 4400 erunt.
723 4343 826 4409 optime
857 4359 923 4396 sane
942 4342 1074 4398 Dielsium
1099 4351 1209 4398 secutus
1237 4345 1309 4410 ρ34

167 4441 257 4486 monet
278 4433 396 4491 fortasse
423 4436 504 4488 etism
534 4436 671 4503 elegiacos
694 4444 790 4503 poetas
818 4452 834 4492 a
861 4436 918 4490 deis
948 4435 1055 4492 initium
1082 4436 1194 4492 fecisse:
1225 4445 1253 4492 at
1282 4437 1309 4490 in

166 4526 361 4584 Alexandrinis
382 4529 549 4595 editionibus
574 4530 732 4601 (perperam
760 4531 831 4587 enim
851 4531 898 4588 ilie
916 4531 983 4604 pto,
1000 4547 1032 4608 sq
1052 4531 1196 4596 Solensem
1215 4547 1306 4596 neees-
