3094 5002
778 253 800 316 Θ

212 431 318 516 νῆσος·
341 429 447 513 ,ἥξουσι
469 425 545 504 ,δ’ἑιά
563 423 662 512 «αὐτὴν
686 423 794 512 Πάριοι
817 421 992 512 Ἀρχιλόχου
1019 427 1072 493 τοῦ
1096 423 1170 509 ἐμοῦ
1193 424 1258 488 οἱοῦ
1282 421 1362 510 φρά-

210 524 386 614 1οοιντοςάτι
405 536 427 619 ἡ
448 541 543 619 ,νῆσος
566 532 642 617 αὕτη
667 529 734 618 πρὶν
757 525 867 617 Ἠερία
890 531 1035 596 ἐκαλεῖτο.
1080 529 1116 596 in
1145 527 1298 610 oraculo,
1332 527 1362 596 si

208 642 275 720 ,hoo
306 643 415 716 solum
447 640 661 730 respicimus,
694 639 757 708 hoc
786 639 899 718 inesse
933 638 1087 709 videtur:
1124 636 1307 706 dedesides
1341 659 1362 710 a

212 748 324 820 Pariis
348 749 396 836 (id
419 748 508 838 quod
522 751 628 818 verba
652 748 789 833 ἄγγειλον
808 748 930 834 Παρίοις
947 746 1088 834 docent)
1110 746 1261 836 Delphos
1283 746 1360 816 mis·

211 881 269 929 sus
292 857 430 938 iubetur
442 856 610 938 coloniam
625 857 661 924 in
676 855 817 931 Aeriam
831 851 999 945 quendem
1019 854 1164 926 insulam
1186 854 1360 925 deducere.

300 966 373 1034 Hoc
396 965 568 1036 oraculum
590 965 630 1042 E.
653 965 774 1051 Meyer
797 964 820 1032 i.
833 963 855 1030 l.
880 965 899 1048 ξ
922 964 1000 1048 300,
1025 962 1078 1032 cui
1100 964 1141 1032 ab
1165 962 1362 1036 Archilochi

211 1073 318 1164 ipsius
341 1071 546 1150 testimoniis
569 1071 715 1140 alienum
737 1071 931 1155 videretur,
961 1077 1000 1143 ut
1023 1070 1205 1140 absurdum
1228 1071 1360 1140 omnino

211 1181 333 1253 reiecit
344 1181 393 1268 ²⁵).
434 1202 523 1272 <quae
548 1169 744 1249 testimonie
773 1183 853 1250 sunt
883 1201 923 1246 ee
954 1179 1147 1266 fragmenta
1176 1179 1211 1246 in
1241 1179 1360 1268 quibus

211 1293 315 1382 poete
337 1290 379 1358 de
402 1289 514 1359 Thaso
538 1289 644 1358 verbe
666 1287 759 1358 facit.
805 1288 948 1378 primum
971 1287 1070 1377 iniis
1093 1288 1202 1358 iocum
1220 1290 1359 1376 Meyero

214 1398 367 1474 obtinere
390 1398 527 1467 videtur
549 1397 583 1464 fr
599 1397 660 1464 21:
685 1420 727 1464 ex
748 1397 836 1464 Siris
865 1397 961 1467 fluvii
981 1397 1114 1466 nomine
1135 1398 1184 1467 ibi
1206 1398 1358 1468 adhibito

142 1574 144 1580 .
212 1507 378 1577 conclusit
410 1507 650 1588 Archilochum
689 1507 834 1594 primum
873 1506 1011 1580 Italiam
1050 1511 1170 1596 postea
1211 1508 1359 1581 Thasum

211 1615 325 1698 edisse
348 1619 380 1704 (ᾗ
403 1617 490 1704 370).
534 1615 597 1687 sed
620 1637 659 1682 ea
683 1615 855 1692 sententie
877 1615 1052 1691 refutetur
1074 1615 1204 1704 apertis
1226 1616 1359 1690 Critiae

212 1725 325 1804 verbis
360 1747 414 1816 ap.
444 1723 711 1794 Asl.v.h.X13
743 1726 972 1790 καταλιπὼν
1009 1724 1136 1812 Πάρον
1173 1726 1224 1790 διά
1259 1726 1360 1792 πενίαν

211 1832 263 1908 καὶ
281 1835 410 1920 ,ἀπορίαν
433 1835 526 1920 ἦλθεν
545 1834 577 1906 ἐς
600 1831 708 1900 Θάσον.
755 1856 828 1902 cum
850 1833 959 1922 igitur
974 1833 1113 1908 iniiam
1134 1856 1200 1902 non
1223 1834 1359 1921 adierit,

212 1942 310 2029 ιΣίριος
340 1940 412 2029 ροάς
445 1941 476 2024 ei
509 1947 608 2010 notes
642 1941 748 2016 fuisse
781 1940 848 2011 aiio
883 1940 980 2010 modo
1015 1941 1261 2030 explanandum
1294 1951 1357 2013 est.

210 2074 318 2140 neque
340 2049 489 2118 difficilis
509 2071 568 2130 res
592 2052 664 2116 est:
695 2049 731 2116 in
761 2049 898 2118 eundem
929 2048 1059 2118 scilicet
1088 2050 1260 2138 regionem
1287 2052 1357 2120 iliis

210 2158 421 2248 temporibus
443 2157 644 2248 Colophonii
667 2157 831 2227 coloniam
854 2156 1079 2242 deduxerant,
1112 2180 1177 2247 qua
1199 2159 1241 2229 de
1263 2181 1303 2227 re
1325 2184 1356 2230 v.

212 2268 376 2337 Geffchen
413 2269 553 2336 Timetos
583 2267 662 2356 piei
678 2291 716 2356 sq
734 2268 797 2339 138
827 2267 951 2343 Busolt
978 2291 1030 2356 gr.
1060 2267 1180 2339 Gesch.
1203 2269 1357 2341 1²4121.

210 2377 390 2460 inueteris
414 2377 617 2464 fragmentis
647 2377 737 2466 quod
764 2377 900 2446 eraculo
925 2377 1137 2448 contradicat
1160 2402 1227 2448 non
1249 2383 1356 2464 extet,

209 2486 307 2568 immo
337 2489 499 2574 quantum
528 2485 604 2556 fieri
634 2490 751 2574 potest
778 2486 820 2554 iis
853 2487 1081 2559 confirmetur.
1127 2511 1234 2576 neque
1267 2489 1354 2560 euim

211 2594 347 2684 dubium
370 2599 433 2674 est,
454 2594 539 2683 quin
560 2593 633 2683 ipse
655 2601 790 2684 petrem
807 2594 971 2670 colonium
987 2595 1206 2667 deducentem
1221 2607 1356 2670 secutus

209 2703 256 2788 sit
279 2727 352 2772 cum
374 2707 451 2784 tote
473 2703 619 2775 familia:
643 2703 713 2770 alio
736 2704 866 2780 scilieet
888 2704 985 2776 modo
1009 2705 1159 2778 coloniae
1177 2708 1275 2778 condi
1290 2731 1357 2784 uon

209 2815 381 2901 poterant.
426 2835 468 2880 ne
492 2811 623 2880 Critiae
654 2812 788 2902 quidem
819 2814 1050 2894 testimonium
1079 2815 1113 2885 ei
1141 2817 1355 2906 contradicit,

209 2919 341 3008 quando
373 2920 507 3008 quidem
537 2919 650 2988 verbis
682 2923 854 2994 καταλιπὼν
877 2921 976 3010 Πάρον
1011 2922 1060 2996 διά
1082 2924 1182 2990 πενίαν
1205 2925 1257 2989 καί
1280 2926 1357 2991 άπο-

210 3026 272 3113 ρίαν
296 3027 390 3112 ἦλθεν
412 3029 442 3099 ἐς
459 3026 558 3104 Θάσον
578 3026 727 3100 coloniae
751 3027 962 3102 deducendae
984 3050 1086 3100 causa
1108 3032 1232 3121 optime
1257 3057 1355 3122 expo·

207 3134 319 3227 nitur:
355 3134 464 3210 Parus
497 3133 609 3203 insula
630 3133 749 3205 incolis
779 3158 846 3202 non
868 3135 935 3210 iam
958 3137 1206 3229 sufficiebat²⁸).
1248 3141 1355 3220 etium

208 3237 245 3322 in
276 3239 412 3310 oraculo
444 3240 517 3328 ipso
549 3240 780 3332 testimonium
812 3241 977 3330 quoddam
1003 3246 1225 3315 auctoritatis
1248 3246 1354 3324 inest:

207 3370 284 3415 nam
307 3349 440 3416 Thasos
463 3348 499 3414 in
521 3370 560 3414 eo
583 3342 693 3435 Ἠερία
715 3357 805 3436 νῆσος
828 3351 1030 3439 appellatur.
1077 3355 1166 3442 quod
1189 3354 1218 3422 si
1240 3379 1354 3424 recens

210 3459 311 3538 esset,
335 3458 455 3523 auctor
478 3453 549 3520 eius
574 3455 713 3542 egregia
734 3479 815 3524 usus
832 3461 924 3525 esset
949 3458 1113 3528 doctrine.
1160 3462 1253 3530 cuius
1276 3465 1355 3532 reli·

207 3561 302 3653 quies
326 3561 512 3632 invenimus
531 3547 622 3650 apud
637 3562 845 3650 Hesychium
867 3590 883 3633 s
906 3564 1001 3654 Ἀερία
1025 3618 1032 3632 .
1057 3619 1063 3632 .
1091 3619 1097 3633 .
1123 3568 1221 3635 Θάσον
1245 3569 1278 3634 δὲ
1300 3571 1353 3658 τὴν

206 3677 297 3758 νῆσον
331 3671 381 3737 καί
403 3671 554 3760 Αἴγυπτον
587 3671 639 3736 καὶ
669 3674 783 3762 Λιβύην
817 3675 866 3739 καὶ
898 3675 1020 3764 Κρήτην
1055 3677 1106 3744 καὶ
1136 3679 1272 3745 Σικελίαν
1304 3680 1355 3748 καὶ

276 3880 323 3946 25)
343 3878 456 3934 Orosius
474 3879 567 3947 ρ490.
581 3881 642 3948 495,
661 3881 781 3940 fouisse
800 3885 884 3950 etium
897 3885 1108 3947 Piccoiomiuius
1128 3889 1203 3958 (nem
1222 3889 1257 3944 de
1276 3905 1310 3944 es
1324 3907 1354 3945 rs

205 3989 258 4028 non
277 3980 373 4041 aperte
392 3972 513 4042 loquitur
531 3973 625 4044 puio)
651 3982 680 4028 ut
706 3990 739 4040 es
764 3977 920 4048 dequibus
947 3982 1050 4050 egimus
1077 3982 1117 4044 itu
1141 3984 1192 4040 boc
1212 3984 1352 4042 oraculum

204 4067 351 4122 recentiori
371 4065 469 4119 tribuit
488 4065 583 4125 aetati.

276 4161 322 4228 26)
341 4173 410 4227 quoe
424 4156 536 4211 Orosius
549 4159 567 4211 l.
580 4157 596 4211 ί.
611 4173 629 4228 p
643 4162 695 4214 492
708 4160 742 4215 de
753 4160 779 4216 ir
792 4165 823 4216 51
843 4164 950 4234 profert
969 4167 1077 4227 omnino
1095 4168 1222 4231 videntur
1232 4171 1350 4231 incerta:

204 4268 293 4308 nonne
313 4267 342 4306 se
361 4252 421 4320 ipse
434 4247 616 4308 Archilochus
634 4253 740 4328 alioqui
759 4258 859 4324 potuit,
879 4275 968 4314 nonne
981 4261 1117 4332 amicum?
1137 4264 1160 4324 si
1180 4263 1215 4318 sd
1235 4265 1351 4322 amicum

203 4362 236 4402 eu
256 4345 338 4399 verbo
357 4345 428 4399 dixit
441 4344 591 4400 verisimile
605 4353 648 4401 est
660 4362 693 4400 eu
706 4347 792 4404 Thasi
806 4358 868 4404 ortu
888 4367 956 4420 esse,
977 4354 1015 4406 itu
1036 4363 1064 4407 ut
1079 4354 1105 4410 iu
1120 4355 1171 4412 hau
1189 4358 1352 4426 quaestione

202 4439 272 4496 nihii
290 4439 408 4496 volesnt.
