3094 5002
779 313 822 397 ἰο

225 495 403 572 nonlicet.
449 503 574 570 iniuria
601 503 688 571 enim
715 509 925 593 putaverunt
956 505 990 572 fr
1013 507 1033 574 3
1066 527 1139 574 eam
1169 505 1373 576 senteutiam

132 643 134 648 ·
226 610 437 699 comprobari
460 613 553 680 ouius
576 616 682 681 verba
703 614 784 682 haec
807 620 903 683 sunt:

378 719 412 786 ού
434 746 480 786 τοι
501 721 585 786 πόλλ’
610 721 658 786 ἐπὶ
680 723 750 794 τόξα
772 723 947 788 τανύσσεται
971 722 1041 788 οὐδὲ
1065 725 1190 809 {lapelee

421 831 592 915 σφενδόναι,
616 832 674 896 εὖτ’
701 833 735 898 όν
759 831 796 917 δὴ
822 835 920 918 μῶλον
938 831 1028 919 Ἄρης
1052 831 1179 918 συνάγηι

373 939 405 1004 ἐν
427 940 545 1022 πεδίον,
569 941 677 1027 ξιφέων
701 940 735 1006 δὲ
757 942 935 1007 πολύστονον
958 941 1077 1008 ἔσσεται
1100 941 1203 1028 ἔργον·

417 1047 525 1132 ταύτης
547 1046 604 1134 γὰρ
628 1051 719 1112 κεῖνοι
742 1048 879 1134 δαίμονές
903 1050 959 1112 εἰσι
983 1048 1083 1135 μάχης

374 1157 514 1221 δεσπόται
538 1155 667 1244 Εὐβοίης
691 1158 883 1243 δουρικλυτοί.

222 1269 314 1331 recte
348 1261 480 1352 quidem
511 1262 650 1332 Cresius
673 1288 695 1352 p
716 1265 781 1333 495
810 1264 978 1332 OMasseri
1013 1267 1047 1332 at
1072 1263 1257 1332 Buchholzi
1292 1287 1364 1330 sen·

220 1371 364 1438 tentiam
403 1373 461 1461 qui
490 1372 662 1440 Abantem
703 1373 849 1441 nobilem
888 1372 1061 1461 pugnandi
1091 1373 1366 1440 consuetudinem

220 1477 376 1547 Saiorum
404 1481 517 1548 fundis
551 1482 674 1569 opponi
704 1485 868 1570 putarent
899 1505 937 1554 eo
968 1481 1099 1549 refellit
1130 1481 1218 1570 quod
1248 1504 1320 1548 eam
1342 1504 1364 1548 a

219 1588 337 1655 futuro
353 1591 528 1656 τανύσσεται
544 1590 662 1655 ἔσσεται
677 1591 862 1658 abhorrere
886 1590 1046 1658 ostendit.
1091 1597 1206 1658 tamen
1220 1595 1364 1679 apparet

217 1721 276 1766 eos
311 1722 430 1767 versus
463 1722 531 1765 non
566 1700 658 1768 inter
691 1699 928 1768 Chalcidenses
966 1701 1075 1768 factos
1110 1721 1193 1766 esse.
1248 1698 1364 1766 neutri

217 1806 307 1873 enim
341 1809 507 1875 exercitui
540 1808 780 1875 Archilochum
815 1807 1014 1876 interfuisse
1048 1830 1086 1874 eo
1126 1808 1362 1894 comprobatur

216 1917 307 2005 quod
329 1922 493 2007 utrosque
515 1919 615 1986 laude
638 1917 905 2005 comprehendit:
936 1920 1030 1984 certo
1060 1939 1127 1983 non
1148 1917 1264 1983 hostes
1288 1939 1362 1984 cum

218 2023 333 2091 amicis
350 2025 564 2092 celebrasset.
611 2047 692 2111 ergo
709 2024 827 2112 procul
850 2026 892 2090 ab
910 2023 951 2090 iis
969 2024 1045 2106 fuit,
1070 2024 1105 2090 id
1120 2023 1209 2111 quod
1223 2023 1361 2110 insuper

216 2134 289 2223 ipse
312 2133 439 2200 indicat
470 2133 583 2200 verbis
614 2135 740 2198 κεῖνοι
767 2134 907 2198 δεσπόται
930 2131 1059 2220 Εὐβοίης
1090 2131 1282 2217 δουρικλυτοί.
1320 2154 1360 2198 ea

215 2241 389 2310 occasione
410 2242 473 2308 hoo
497 2262 631 2308 carmen
652 2241 781 2308 iactum
810 2263 884 2308 esse
906 2240 1060 2322 videtur,
1094 2262 1166 2306 cum
1192 2238 1359 2326 pactionis

215 2349 308 2418 illius
339 2351 375 2416 in
406 2349 494 2416 bello
520 2348 732 2417 Chalcidensi
764 2349 876 2416 factae
908 2371 974 2437 qua
1006 2347 1120 2414 fundis
1153 2355 1187 2430 et
1220 2345 1358 2434 sagittis

215 2458 268 2525 uti
288 2459 472 2526 vetabatur
482 2457 521 2545 ³⁰)
545 2457 692 2524 Thasum
714 2457 769 2525 vel
792 2458 919 2523 Parum
941 2457 1091 2525 uenisset
1115 2476 1239 2522 rumor.

302 2566 375 2632 Hoc
396 2565 469 2632 loco
493 2589 564 2632 rem
592 2565 772 2652 attigimus
796 2565 1033 2652 gravissimam
1064 2585 1149 2652 quae
1184 2584 1257 2627 cum
1289 2561 1357 2628 alia

216 2673 392 2754 cohaeret,
430 2672 564 2760 qualem
600 2672 708 2740 vitam
745 2671 968 2740 Archilochus
1006 2671 1126 2758 egerit.
1187 2669 1356 2756 Berghins

214 2782 373 2868 Meyerus
398 2779 538 2848 Orosius
562 2780 620 2868 qui
643 2780 773 2847 Critiae
806 2780 948 2847 credunt
976 2783 1119 2846 matrem
1153 2777 1223 2845 eius
1247 2777 1356 2866 Enipo

214 2911 347 2960 servam
362 2889 467 2956 fuisse
477 2888 517 2972 ³²)
540 2887 618 2955 inde
633 2887 846 2957 deduxerunt
870 2912 943 2956 eum
958 2912 1019 2977 per
1035 2891 1144 2956 totam
1160 2886 1266 2954 vitam
1281 2909 1357 2974 per·

212 3000 316 3085 petua
338 2994 475 3064 miseria
498 2993 684 3061 cruciatum
705 2994 828 3061 nobilis
852 2995 993 3062 hominis
1017 2993 1125 3062 vitam
1148 3017 1279 3084 semper
1299 3017 1356 3084 ap·

200 3104 393 3194 petivisse,
415 3124 584 3190 nunquam
606 3091 797 3171 assecutum
820 3105 909 3187 esse,
934 3125 975 3170 ea
997 3102 1038 3170 de
1061 3124 1162 3172 causa
1183 3108 1355 3192 postremo

212 3234 287 3279 eum
309 3233 369 3298 per
393 3216 512 3296 gentes
537 3213 572 3277 et
604 3210 704 3277 urbes
734 3209 917 3296 migrasse,
952 3211 1103 3278 omnibus
1135 3211 1281 3281 invisum
1301 3214 1354 3280 -ab

211 3319 363 3388 omnibus
387 3318 532 3386 alienum
553 3322 724 3386 mortuum
745 3341 829 3386 esse.
914 3317 967 3384 cui
989 3317 1178 3387 sententiae
1200 3320 1355 3408 equidem

210 3453 278 3496 non
300 3426 510 3508 obsisterem,
533 3427 600 3494 nisi
622 3450 660 3494 eo
684 3426 774 3515 quod
795 3426 1035 3493 Archilochum
1057 3449 1164 3516 neque
1182 3427 1273 3497 Sirin
1296 3453 1352 3498 ne·

211 3559 274 3625 que
291 3535 461 3602 Euboeam
484 3533 595 3601 adisse
617 3533 762 3601 vidimus
778 3533 921 3601 multum
937 3533 1156 3602 auctoritatis
1172 3535 1352 3605 amisisset.

211 3643 278 3710 iam
300 3641 380 3731 quid
403 3665 421 3708 c
444 3640 646 3728 fragmentis
663 3640 860 3707 Archilochi
875 3645 1041 3730 appareat
1057 3645 1136 3709 aute
1154 3643 1263 3710 omnia
1278 3667 1353 3733 per-

213 3756 413 3820 scrutemur.
450 3831 453 3836 ,
501 3750 681 3817 Pariorum
704 3750 825 3819 civitas
849 3773 920 3817 oum
944 3749 1013 3818 illis
1038 3752 1245 3844 temporibus
1270 3754 1355 3821 satis

209 3859 360 3943 floreret,
383 3858 487 3926 etiam
509 3858 670 3926 nobilium
693 3857 852 3927 honorem
867 3864 971 3946 atque
987 3857 1190 3944 dignitatem
1204 3859 1354 3946 viguisse

209 3967 249 4032 ut
272 3971 487 4052 expectamus
509 3964 560 4031 ita
590 3988 632 4032 ex
655 3963 857 4030 Archilocho
891 3962 1055 4032 certiores
1088 3966 1195 4035 fimus.
1241 3977 1355 4040 tamen

283 4157 329 4226 30)
348 4157 450 4214 Strata)
469 4159 559 4214 thss
578 4160 616 4228 (ul
634 4157 716 4218 πόλεις
735 4157 791 4230 περὶ
809 4154 946 4228 Ληλόνδου
966 4157 1138 4232 arevalum)
1165 4162 1295 4220 συνέθεντο
1313 4166 1354 4239 ἐφ’

213 4250 250 4308 οῖς
269 4252 432 4323 συστήσονται
450 4255 493 4308 τὸν
512 4255 608 4325 ἀγῶνα.
640 4252 713 4324 δηλοῖ
731 4253 757 4306 δὲ
776 4253 912 4306 καὶτοῦτο
932 4252 957 4306 ἐν
975 4260 1023 4306 τῶι
1043 4252 1210 4328 Ἇμαρυνδίιοι
1223 4260 1302 4333 στηλη
1317 4279 1354 4322 τις

210 4342 338 4412 φράζουσα
357 4343 393 4415 μὴ
415 4342 527 4418 χρῆσθαι
545 4343 704 4416 τηλεβόλοιςι
725 4341 753 4396 cf
765 4343 891 4413 Areh.3,
913 4342 972 4404 τόξα
992 4351 1018 4397 et
1040 4345 1177 4418 σφενδόναι.

281 4436 328 4506 31)
347 4443 446 4491 eontra
465 4435 629 4491 Wslckerus
658 4433 767 4502 potavit
795 4450 892 4489 nomer
912 4436 947 4490 ab
965 4436 1049 4490 Arch.
1068 4435 1161 4492 fictum
1185 4440 1221 4496 ab
1246 4441 1353 4500 lambec

208 4543 305 4592 servae
326 4529 463 4589 Thraciae
481 4543 536 4586 nou
555 4527 669 4585 multum
689 4524 794 4596 abesse,
814 4525 842 4582 ct
853 4527 1038 4601 opaea16sq
1057 4529 1105 4587 29.
