3094 5002
767 217 842 322 m

218 429 268 500 tio
298 429 430 497 oriatur
460 429 497 496 ,fr
512 429 554 495 25
580 429 610 492 ἐν
635 429 747 518 ἰάμβων
769 429 927 516 τριμέτρων
950 428 1019 516 legi
1042 429 1203 508 affirmat.
1250 447 1372 496 omnes

223 537 332 628 igitur
363 539 509 604 utuntur
542 535 658 628 ἰάμβων
690 536 843 624 generali
874 537 1005 604 nomine
1041 537 1129 626 quod
1160 537 1247 640 idem
1280 537 1372 625 apud

222 646 327 712 Aroh.
350 645 393 711 22
416 645 555 732 legitur.

229 763 233 856 J
306 776 361 843 Ab
385 776 447 847 hoc
469 801 532 844 usu
553 775 754 846 recentioris
779 775 903 845 aetatis
927 779 1083 844 auctores
1100 778 1264 845 recedunt
1279 801 1364 866 qnos

125 921 128 929 ·
219 883 321 954 docta
343 884 490 952 editione
513 907 591 951 usos
615 907 689 952 esse
712 884 768 952 vel
791 888 920 950 certum
943 883 998 950 ve]
1014 884 1197 952 verisimile
1214 889 1277 953 est.
1305 885 1365 952 ubi

221 1016 288 1060 non
309 991 444 1079 generis
468 993 527 1060 sed
549 991 710 1062 metricae
734 991 900 1058 rationem
923 991 1077 1061 adhiberi
1092 992 1253 1062 videmus.
1286 1014 1366 1058 nam

221 1101 255 1174 fr
270 1101 314 1166 34
336 1087 573 1188 Harpocrati0‚
599 1100 642 1166 48
670 1099 883 1167 Herodianus
915 1099 1020 1181 (ouius
1043 1122 1164 1168 nomen
1185 1123 1237 1188 ap.
1262 1101 1364 1169 Eust.

220 1212 329 1294 extat)
352 1211 383 1273 ἐν
405 1212 465 1282 τοῖς
488 1208 650 1294 τριμέτροις
673 1207 819 1274 inveniri
842 1209 1027 1288 testantur,
1059 1208 1093 1274 fr
1109 1209 1238 1274 ressea
1262 1231 1367 1294 asyn-

221 1321 353 1386 artetos
385 1340 504 1384 versus
528 1316 736 1404 Hephaestio
771 1319 806 1382 et
828 1315 999 1383 Athenaei
1021 1320 1141 1382 auctor
1171 1340 1188 1393 e
1218 1319 1364 1404 τετραμέ-

220 1453 297 1513 τροις
321 1427 432 1516 repeti
455 1427 579 1494 dicunt.
627 1425 806 1491 secundum
830 1424 967 1490 eandem
990 1425 1157 1494 rationem
1173 1427 1260 1494 alius
1276 1426 1365 1494 liber

223 1539 250 1601 οἱ
273 1537 398 1605 tuomet
421 1539 477 1619 (so.
503 1535 610 1620 στίχοι)
632 1533 868 1600 nominabatur
876 1557 883 1617 ;
919 1556 960 1600 ex
982 1534 1044 1600 hoc
1066 1534 1154 1602 libro
1189 1537 1222 1601 fr
1239 1537 1305 1619 (94)
1321 1537 1365 1603 98

223 1645 288 1726 104
310 1645 504 1734 Hephaest,
533 1644 573 1712 91
603 1642 704 1710 schol.
721 1643 782 1711 Ar.
796 1643 890 1725 Aah,
910 1645 971 1709 117
995 1642 1158 1731 Stephani
1180 1645 1218 1712 B.
1244 1650 1365 1713 auctor

220 1754 324 1828 titulo
348 1754 464 1824 addito
488 1753 647 1824 afferunt.
692 1758 794 1840 atque
818 1751 905 1840 quod
928 1752 1017 1840 apud
1039 1753 1220 1822 Zenobiam
1254 1756 1364 1828 fr118

223 1866 254 1929 ἐν
277 1866 405 1950 ἐποιδῆι
439 1865 557 1931 extare
589 1860 731 1948 legimus
760 1861 825 1929 nisi
856 1885 897 1928 ex
920 1863 1059 1935 ἐπωιδοῖς
1083 1868 1280 1951 corruptum
1310 1868 1366 1932 eet

221 1973 348 2042 Zenobi
374 1972 527 2038 mendum
550 1970 697 2040 videtur.
743 1970 810 2036 alia
839 1975 1029 2058 poematum
1060 1993 1141 2059 pars
1172 1977 1273 2041 erant
1302 1976 1366 2038 na

222 2085 289 2176 γεῖα
313 2081 369 2170 qui
391 2081 515 2150 titulus
538 2079 666 2166 legitur
689 2080 779 2167 apud
794 2080 1006 2148 Athenaeum
1022 2081 1066 2164 (4)
1083 2083 1118 2148 et
1136 2081 1295 2148 Orionem
1309 2084 1363 2166 (8).

309 2231 430 2318 Itaque
454 2236 489 2296 et
511 2229 741 2318 discrepantia
763 2228 847 2296 setis
871 2251 992 2315 magne
1015 2232 1050 2296 et
1074 2229 1168 2316 origo
1193 2230 1264 2297 eius
1288 2255 1364 2320 per-

223 2341 338 2429 spicua
354 2338 506 2423 videtum
531 2362 639 2406 nonne
663 2361 763 2406 causa
785 2338 989 2424 gravissima
1008 2362 1090 2426 opus
1107 2344 1193 2422 erat,
1216 2363 1282 2428 qua
1296 2341 1366 2409 viri

223 2449 315 2516 docti
337 2451 376 2515 ut
398 2451 440 2514 ab
463 2447 591 2516 usitato
616 2447 827 2535 significandi
849 2446 944 2513 modo
968 2447 1169 2514 recederent,
1182 2471 1365 2518 commove-

222 2557 368 2625 rentur?
389 2557 499 2624 nescio
523 2579 567 2623 an
587 2561 726 2646 praeter
750 2554 930 2622 editionem
953 2556 993 2622 de
1017 2555 1085 2622 alia
1108 2579 1208 2625 causa
1231 2559 1364 2626 omnino

223 2665 368 2756 cogitari
385 2689 452 2732 non
473 2665 592 2754 possit.
639 2687 743 2753 quare
765 2687 901 2732 necesse
925 2669 977 2732 est
1000 2667 1118 2749 ἐλεγεῖα
1149 2667 1288 2755 τρίροτρα
1320 2694 1365 2732 τε-

221 2775 372 2862 τράμετρα
394 2776 540 2848 tenetote
575 2773 716 2842 editioni
744 2773 797 2840 ffli
820 2773 1001 2843 vindicare.
1047 2779 1228 2861 praeterea
1260 2778 1363 2850 etiem

222 2885 291 2956 adia
314 2885 462 2952 carmina
484 2885 519 2951 in
542 2906 581 2952 ea
603 2883 759 2966 fuerunt,
793 2906 934 2971 quorum
957 2907 1018 2950 nos
1041 2888 1181 2972 praeter
1202 2887 1365 2972 hymnum

221 2995 257 3062 in
279 2995 436 3062 Herculis
460 2994 620 3060 honorem
643 2996 817 3060 cantatum
840 2993 1020 3060 Iobacchos
1043 2994 1205 3062 novimus.
1260 3000 1363 3085 atque

222 3128 264 3172 ex
286 3105 457 3172 Iobacchis
480 3103 614 3191 quidem
636 3102 844 3190 Hephaestio
868 3102 902 3168 fr
921 3103 984 3168 120
1007 3103 1055 3170 sio
1077 3104 1198 3172 affert:
1233 3107 1364 3194 ἀσυνάρ-

223 3229 309 3300 τητον
334 3265 339 3277 .
365 3265 370 3277 .
397 3266 402 3277 .
427 3212 487 3278 οἷον
509 3211 542 3276 τὸ
565 3213 596 3276 ἐν
619 3214 679 3284 τοῖς
703 3212 1019 3299 ἀναφερομένοις
1047 3213 1088 3286 εἰς
1110 3210 1281 3302 Ἀρχίλοχον
1304 3211 1364 3281 Ἰο-

225 3324 356 3412 βάκχοις.
401 3322 460 3411 qui
482 3344 555 3388 cum
578 3321 619 3388 ab
643 3320 845 3388 Archilocho
868 3320 972 3388 alieni
1001 3321 1200 3394 viderentur
1228 3325 1364 3410 editori,

220 3433 272 3501 ita
295 3432 452 3501 collocati
475 3434 574 3499 erant
596 3429 758 3512 (fortasse
782 3430 817 3497 in
838 3430 996 3500 editionis
1019 3432 1106 3516 fine),
1130 3436 1170 3499 ut
1193 3433 1233 3501 de
1257 3434 1364 3505 edito·

221 3543 269 3611 ris
294 3541 466 3610 sententia
488 3539 640 3607 dubitari
660 3563 727 3608 non
749 3543 874 3629 posset.
941 3533 945 3540 ’

308 3675 425 3762 Neque
449 3695 529 3738 vero
553 3671 606 3738 his
630 3693 715 3760 quae
738 3671 843 3740 attuli
864 3672 1061 3740 testimonia
1084 3672 1249 3741 exhausta
1272 3678 1362 3743 sunt.

218 3807 293 3852 nam
318 3783 406 3849 idem
429 3780 543 3869 quiin
572 3781 719 3849 editione
750 3782 832 3849 ordo
863 3781 1041 3852 observari
1063 3781 1199 3850 videtur
1222 3783 1257 3849 in
1288 3785 1363 3850 ὑπο-

222 3896 369 3981 μνήμασιν
398 3873 594 3980 quibusdam
617 3889 849 3964 Archilocheis
882 3916 1024 3981 quorum
1062 3891 1255 3978 fragmenta
1287 3889 1374 3984 per-3

218 4025 325 4093 pauca
348 4003 486 4070 servata
510 4004 599 4069 eunt.
645 4004 817 4070 auctorem
847 4025 961 4069 eorum
993 4000 1212 4091 comperimus
1243 4025 1261 4070 e
1289 3987 1374 4072 ele?

219 4115 321 4180 ment.
343 4111 440 4190 stra}
456 4112 520 4178 388
544 4110 592 4194 (cf
605 4109 702 4178 Orus.
718 4135 740 4199 p
756 4112 848 4195 487):
885 4112 1079 4198 Ἀρίσταρχος
1104 4109 1136 4174 δὲ
1159 4113 1271 4184 ἐντοῖς
1294 4114 1362 4200 Ἀρ-

217 4222 381 4311 χιλοχείοις
404 4221 596 4306 ὑπομνήμασί
620 4247 710 4306 φησιν
734 4224 793 4286 κτλ.
851 4221 910 4288 ille
934 4220 1191 4288 commentarius
1216 4223 1362 4291 affertur

218 4311 1409 4418 mmmwmfflmmmmmfflma

215 4439 362 4531 legitur:
392 4439 539 4529 σκυτάλην
564 4442 620 4528 γάρ
644 4441 678 4505 ἐκ
699 4444 751 4506 τοῦ
775 4442 998 4529 συμβεβηκότος
1021 4439 1168 4526 λέγουσιν,
1193 4443 1234 4514 ὡς
1257 4439 1307 4508 καὶ
1329 4443 1360 4510 ἐν
