3094 5002
257 491 325 574 est,
360 512 427 579 qua
457 485 493 557 in
525 513 562 558 re
594 515 635 558 ne
667 490 710 557 ad
739 490 878 558 testium
910 486 1186 556 incertitudinem
1208 483 1409 576 refugiatur

253 601 435 668 cavendum
459 608 521 668 est.
567 623 674 688 neque
702 600 788 666 enim
811 599 1008 666 testimonia
1037 600 1168 666 incerta
1201 604 1296 681 sunt,
1329 622 1407 666 cum

251 714 287 777 et
309 710 344 776 in
363 703 566 776 Archilocho
591 711 632 776 ab
656 709 787 776 homine
811 709 938 797 optima
960 708 1117 775 doctrina
1138 733 1199 775 uso
1223 708 1279 775 vel
1301 731 1407 794 asyn-

251 822 383 887 artetos
422 819 512 886 inter
544 822 765 887 tetrametros
796 818 979 885 collocatos
1009 818 1115 884 fuisse
1147 822 1240 885 certo
1274 816 1404 884 dictum

252 928 298 994 sit
321 928 377 1016 qui
400 928 510 995 altero
533 927 849 1011 testeadiuvatur,
879 950 986 1015 neque
1010 927 1050 992 de
1075 926 1192 1013 ἰάμβων
1214 926 1318 994 titulo
1342 927 1402 992 du-

251 1037 357 1104 bitari
378 1041 494 1125 potest
518 1037 574 1125 qui
597 1044 787 1105 ceterorum
810 1060 973 1104 consensu
994 1035 1198 1102 defenditur.
1280 1035 1398 1123 itaque

253 1146 314 1212 hoc
338 1146 517 1214 discrimen
540 1146 628 1234 quod
651 1145 808 1213 similitor
825 1145 914 1236 apud
930 1145 1059 1232 lyricos
1077 1150 1196 1233 poetas
1222 1145 1403 1212 observari

252 1259 387 1322 constat
402 1278 469 1322 non
485 1255 601 1337 deleri,
627 1256 685 1322 sed
701 1256 742 1322 de
758 1255 829 1322 eius
846 1256 956 1322 causis
979 1255 1098 1343 quaeri
1121 1258 1267 1342 oportet.
1315 1277 1402 1343 quae

252 1386 324 1431 cum
349 1365 434 1432 satis
456 1365 584 1433 multae
612 1364 757 1451 cogitari
780 1365 927 1452 possint,
960 1372 1074 1431 tamen
1104 1387 1202 1430 unam
1228 1365 1403 1451 proferam

252 1479 395 1562 propter
412 1473 663 1562 simplicitatem
679 1473 855 1540 admodum
871 1474 1088 1561 probabilem.
1136 1473 1269 1540 Solonis
1287 1496 1401 1540 onmes

250 1583 448 1650 tetrametri
471 1584 602 1651 servati
635 1607 676 1650 ex
707 1608 772 1650 uno
805 1583 950 1650 carmine
983 1583 1109 1671 sumpti
1140 1587 1230 1666 sunt,
1263 1584 1304 1650 de
1334 1607 1399 1671 quo

249 1693 455 1780 permultum
486 1693 580 1760 valet
609 1693 867 1761 Wilamowitzii
896 1693 1088 1759 coniectura
1122 1693 1195 1776 (Ar.
1212 1718 1243 1758 u.
1260 1692 1343 1758 Ath.
1358 1692 1396 1758 H

251 1803 327 1889 309)
352 1803 408 1890 qui
439 1826 540 1869 unum
570 1789 705 1868 tantum
736 1802 899 1868 eiusmodi
929 1824 1062 1869 carmen
1093 1802 1250 1869 extitisse
1280 1807 1397 1889 putat;

252 1911 281 1978 si
302 1912 404 2001 plura
426 1911 572 1994 fuerint,
602 1916 716 1978 tamen
739 1916 774 1978 et
803 1934 909 1999 pauca
938 1935 1045 1999 neque
1076 1914 1193 1992 tanta,
1226 1916 1265 1978 ut
1288 1916 1400 1979 totum

252 2020 376 2088 librum
409 2021 595 2109 explerent.
649 2020 760 2087 editor
793 2020 900 2107 igitur
922 2041 1064 2088 'carmen
1096 2021 1132 2085 in
1164 2021 1399 2088 trimetrorum

251 2129 376 2196 librum
400 2131 566 2218 recepisse
599 2130 735 2197 videtur
767 2154 891 2196 summo
923 2130 998 2196 iure
1024 2129 1142 2217 ἰάμβων
1174 2154 1253 2198 usus
1284 2129 1399 2196 titulo,

253 2240 294 2307 de
316 2240 539 2330 Hipponactis
564 2239 696 2327 quidem
728 2243 803 2306 octo
834 2239 988 2308 versibus
1012 2239 1159 2307 servatis
1184 2241 1230 2323 (fr
1255 2241 1399 2322 78—84)

250 2372 317 2416 non
349 2349 431 2416 licet
465 2349 623 2416 indicare.
685 2372 791 2436 neque
828 2354 922 2416 certo
965 2351 1100 2415 constat
1136 2349 1176 2416 de
1211 2348 1399 2416 Semonidis

251 2458 368 2546 ἰάμβων
392 2458 518 2526 duobus
540 2458 647 2541 libris,
673 2481 746 2524 cum
768 2459 953 2525 nesciamus
977 2462 1091 2524 utrum
1107 2463 1311 2525 tetrametro
1327 2458 1398 2526 cius

252 2571 391 2636 servata
414 2568 544 2636 fuerint
566 2591 677 2636 necne.
721 2573 840 2636 contra
863 2566 1059 2634 Archilochi
1082 2591 1148 2634 non
1172 2568 1279 2634 solum
1302 2567 1401 2634 varia

250 2681 362 2746 metra
376 2678 550 2766 permagni
567 2682 643 2745 erat
659 2682 752 2744 certo
770 2677 973 2764 disiungere,
998 2678 1056 2744 sed
1080 2677 1182 2743 etiam
1204 2678 1275 2744 sine
1295 2677 1396 2744 dubio

253 2787 337 2854 satis
356 2787 456 2854 multi
477 2787 676 2855 tetrametri
692 2790 800 2868 erant,
824 2787 943 2874 quibus
968 2791 1063 2853 totus
1079 2786 1167 2852 liber
1185 2786 1395 2874 expleretur;

251 2900 330 2964 ante
360 2897 469 2963 omnia
503 2900 616 2963 autem
649 2896 792 2964 aderant
828 2895 926 2984 epodi
958 2919 1039 2983 quos
1070 2902 1213 2983 propter
1244 2896 1398 2962 eximiam

250 3005 458 3092 gravitatem
490 3010 592 3093 atque
623 3008 810 3072 metrorum
840 3005 1044 3071 varietatem
1076 3026 1096 3069 a
1126 3005 1249 3071 ceteris
1278 3005 1397 3072 iambis

251 3115 325 3181 fere
347 3138 483 3182 neccsse
507 3118 582 3181 erat
606 3113 796 3201 segregari3
830 3136 937 3200 neque
969 3114 1010 3186 de
1041 3134 1156 3179 eorum
1179 3113 1397 3180 multitudine

251 3224 358 3310 magis
383 3247 480 3312 quam
502 3223 543 3289 de
566 3223 708 3290 metrica
730 3223 900 3290 varietate
922 3222 1074 3290 dubitari
1096 3226 1221 3310 potest.

337 3334 394 3401 Ita
428 3336 555 3399 certam
588 3332 655 3400 viri
689 3332 781 3400 docti
821 3355 953 3398 manum
988 3332 1194 3419 agnovimus.
1247 3339 1397 3399 attamen

250 3444 357 3512 multo
392 3447 471 3509 ante
506 3466 579 3509 eum
614 3442 874 3530 Aristarchique
908 3441 1165 3517 commentar-ios
1203 3442 1270 3507 viri
1307 3442 1399 3508 docti

252 3553 454 3620 Archilocho
480 3574 616 3640 operam
638 3553 719 3618 dare
736 3558 927 3639 coeperunt.
951 3551 1059 3644 inter
1074 3550 1277 3618 Aristotelis
1291 3552 1398 3619 libros

254 3663 446 3749 Hesychius
491 3664 631 3728 enarrat
663 3661 752 3744 (144)
795 3662 975 3746 ἀπορήματα
1010 3658 1192 3747 Ἀρχιλόχου
1235 3660 1397 3747 Εὐριπίδου
1521 3667 1522 3672 ’

254 3770 398 3857 Χοιρίλοο
422 3773 452 3834 ἐν
477 3770 599 3859 βιβλίοις
623 3780 641 3852 χ
676 3791 761 3857 quae
785 3767 875 3856 apud
897 3767 1117 3856 Hermippum
1141 3770 1229 3854 (119)
1252 3770 1397 3838 redeunt

256 3879 482 3967 (άπορημάτων)
507 3879 699 3967 ποιητικ<ῶν>
724 3877 760 3963 ἇ;
796 3879 837 3945 de
870 3901 908 3945 eo
938 3878 1097 3966 opusculo
1121 3881 1274 3947 conferas
1299 3880 1399 3947 velim

254 4013 338 4078 quae
360 3990 645 4059 Wilamowitzius
662 3990 744 4055 Eur.
758 3988 963 4054 Her.1¹133
980 3989 1147 4076 exposuit.
1192 3990 1394 4057 Aristotelis

252 4099 434 4188 discipulus
463 4100 661 4168 Heraclides
693 4098 853 4165 Ponticus
883 4096 949 4184 περὶ
968 4079 1109 4184 Ὀμήρου
1139 4097 1188 4164 καὶ
1211 4102 1394 4186 Ἀρχιλόχου

256 4210 394 4298 scripsit
416 4211 541 4278 librum
564 4209 752 4297 aDiogene
775 4209 814 4275 L.
839 4207 871 4274 V
895 4207 937 4272 88
971 4207 1018 4288 (cf
1039 4207 1179 4274 Crusius
1202 4209 1224 4276 l.
1239 4209 1261 4274 l.
1285 4210 1399 4298 p487)

250 4319 342 4389 inter
357 4321 596 4408 grammaticos
621 4320 821 4386 collocatum
842 4315 878 4381 in
902 4299 1031 4402 quode
1054 4318 1194 4385 Homeri
1219 4323 1253 4387 et
1277 4319 1396 4386 Archi-

250 4429 340 4498 lochi
361 4436 476 4499 aetate
500 4431 581 4517 egit.
626 4429 757 4496 utinam
787 4426 828 4492 de
857 4423 905 4491 eis
937 4423 1063 4492 libellis
1094 4427 1195 4516 plura
1225 4429 1395 4496 sciremus.

252 4563 359 4632 neque
389 4540 430 4608 de
459 4538 770 4610 Alexandrinorum
806 4533 1104 4622 grammaticorum
1136 4561 1238 4626 opera
1270 4539 1396 4608 certius
