3094 5002
715 311 757 382 23

163 485 321 557 haec'res
345 489 433 580 quod
456 490 499 556 ad
521 490 714 559 memoriam
740 490 922 558 carminum
952 492 1080 562 attinet
1111 491 1306 582 gravissimi

164 598 211 665 sit
236 600 411 682 momenti,
447 598 534 666 unde
566 599 778 666 concluditur
808 604 882 666 tum
913 603 1083 688 permulta
1114 605 1306 691 poematum

165 707 318 795 exempla
340 707 485 775 Athenis
509 707 615 774 fuisse
640 708 711 775 sine
734 708 833 774 dubio
856 709 1001 778 Athenis
1025 712 1108 799 ipsis
1142 713 1305 781 confecta.

164 838 268 903 quare
292 817 321 884 si
344 817 484 905 respicis
508 817 673 884 cumillis
696 818 904 905 temporibus
929 842 1048 906 magno
1072 821 1197 912 honore
1215 821 1306 888 habi·

166 929 239 993 tum
262 949 335 992 esse
359 927 477 1014 quibus
500 926 646 994 Athenis
669 925 832 1015 permulti
862 927 944 994 libri
976 930 1092 996 confici
1126 938 1161 997 ct
1191 930 1308 997 venire
1406 929 1410 939 “

165 1035 277 1122 coepti
293 1040 381 1118 sunt,
405 1036 508 1103 etiam
527 1037 598 1103 sine
621 1036 825 1104 testimoniis
841 1036 1027 1114 verisimile
1043 1043 1096 1106 est
1113 1038 1308 1105 Archilochi

165 1145 274 1212 multa
307 1146 512 1234 exemplaria
545 1170 606 1234 per
639 1150 748 1214 totam
782 1145 855 1212 fere
887 1145 1064 1214 Graeciam
1104 1147 1309 1236 pervulgata

166 1255 280 1323 fuisse.
325 1279 432 1344 neque
448 1255 602 1323 Platonis
626 1255 896 1343 Aristotelisque
919 1260 1034 1323 aetate
1057 1278 1128 1324 eam
1151 1256 1309 1323 notitiam

167 1365 307 1433 desiisse
331 1365 420 1432 Plat.
444 1389 532 1454 resp.
557 1366 593 1431 ΙΙ
616 1364 1025 1432 absterreamini?
1048 1365 1155 1432 libero
1181 1365 1308 1432 citandi

167 1474 264 1541 modo
289 1473 472 1541 verisimile
496 1474 662 1556 redditur,
687 1472 868 1561 dequibus
892 1472 974 1540 locis
998 1479 1100 1542 antea
1121 1500 1143 1563 p
1161 1476 1201 1542 15
1225 1474 1309 1542 vidi-

167 1607 249 1650 mus.
288 1623 331 1630 —
365 1582 442 1650 inde
472 1583 515 1650 ad
538 1582 789 1650 Alexandrinos
811 1583 1034 1670 pervenimus.
1086 1585 1128 1650 ab
1162 1583 1310 1650 Alexan-

168 1691 265 1758 drino
288 1691 507 1778 grammatico
530 1694 570 1757 ut
593 1695 781 1757 ceterorum
803 1694 981 1777 poetarum
1011 1690 1198 1776 lyricorum
1229 1690 1310 1757 iam·

168 1799 482 1886 bographorumque
498 1799 548 1866 ita
560 1798 756 1866 Archilochi
772 1799 875 1866 editio
891 1799 985 1867 facta
1001 1803 1063 1866 est.
1094 1821 1179 1887 quae
1195 1802 1311 1865 utrum

169 1907 396 1994 Aristophani
418 1931 461 1974 an
481 1908 682 1975 Aristarcho
707 1908 871 1974 debeatur
881 1907 915 1990 ²),
946 1930 1023 1974 nam
1045 1916 1225 1994 utrumque
1248 1907 1311 1972 sci-

169 2037 241 2080 mus
264 2021 385 2101 poetae
407 2035 544 2102 operam
567 2012 717 2096 dedisse,
752 2035 795 2078 an
818 2012 865 2079 ali
887 2037 954 2080 non
976 2015 1076 2082 facile
1106 2016 1310 2098 decernitur,

170 2147 244 2190 curn
266 2123 306 2190 dc
329 2123 646 2210 iambographorum
670 2122 874 2189 editionibus
892 2123 1023 2190 omnino
1044 2123 1129 2190 nihil
1145 2122 1311 2193 traditum

170 2231 226 2299 sit.
272 2232 387 2319 itaque
410 2231 591 2313 videamus,
626 2231 783 2298 editionis
818 2231 910 2298 illius
946 2232 1017 2299 sive
1040 2232 1312 2319 Aristophaneae

171 2340 243 2408 sive
274 2340 517 2407 Aristarcheae
552 2361 713 2427 quaenam
746 2361 964 2427 assequamur
999 2339 1154 2427 vestigia.
1212 2361 1310 2427 quac-

170 2452 314 2520 stionem
345 2449 577 2516 difficillimam
606 2445 646 2515 ut
679 2448 909 2535 expediamus,
950 2472 1086 2518 necesse
1121 2457 1174 2518 est
1204 2452 1312 2517 testes

171 2558 378 2628 excutiamus
394 2556 557 2645 quomodo
574 2556 770 2622 Archilochi
785 2558 890 2623 verba
909 2558 1067 2625 afferant.
1113 2578 1314 2644 quamquam

171 2693 239 2737 non
269 2667 394 2736 sufficit
425 2665 621 2733 testimonia
658 2665 832 2752 colligere,
871 2665 906 2731 id
943 2666 1032 2753 quod
1068 2665 1260 2732 iamdudum
1294 2689 1314 2732 a

172 2773 322 2861 Bergkio
354 2771 389 2838 in
412 2770 559 2839 editione
583 2773 618 2837 et
641 2769 761 2838 Crusio
784 2772 806 2836 l.
822 2771 844 2837 l.
869 2773 969 2858 prae
993 2774 1067 2839 fere
1089 2773 1217 2838 factum
1241 2778 1311 2855 est;

171 2882 350 2952 discrimen
372 2879 561 2948 faciendum
584 2882 637 2946 est
659 2878 750 2946 inter
773 2882 928 2946 vetustos
953 2883 988 2946 et
1017 2878 1169 2947 novellos
1200 2882 1313 2944 aucto-

171 3019 237 3062 res.
292 2990 520 3060 vetustiorum
541 2987 685 3076 primum
707 2987 925 3075 respiciamus
949 2986 1175 3055 Aristotelem
1197 2987 1255 3074 qui
1278 2986 1312 3054 fr

173 3106 215 3172 25
238 3104 320 3170 haec
343 3100 448 3170 verba
470 3095 681 3184 praemittit:
716 3094 886 3182 Ἀρχίλοχος
910 3096 940 3160 ἐν
974 3095 1086 3183 ἰάμβωι
1122 3095 1155 3159 οὔ
1187 3095 1312 3181 ἡάρχὴ

175 3214 254 3289 κτλ.;
287 3207 376 3277 idern
398 3205 501 3272 etiam
522 3203 556 3268 fr
575 3201 619 3267 74
640 3224 774 3269 versum
797 3205 1038 3270 tetrametrum
1061 3226 1078 3269 e
1101 3201 1246 3268 carmine
1270 3201 1313 3268 ci·

174 3324 230 3389 tat
252 3315 341 3406 quod
369 3315 478 3399 ἴαμβον
510 3310 602 3376 dicit.
656 3309 773 3397 itaque
807 3310 1020 3398 perspicuum
1050 3318 1104 3378 est
1137 3309 1314 3376 trimetros

173 3426 272 3495 iamb.
297 3426 332 3490 et
354 3423 576 3490 tetrametros
593 3417 700 3484 broch.
718 3417 905 3485 iamborum
926 3417 1061 3504 generis
1084 3417 1216 3484 nominc
1239 3439 1313 3482 ocn-

176 3533 312 3622 iungiss).
362 3553 429 3618 qua
452 3527 493 3594 de
516 3547 616 3593 causa
630 3524 793 3591 Herodot.
817 3525 836 3590 I
859 3525 900 3591 12
923 3548 964 3593 ne
988 3525 1029 3592 dc
1051 3529 1161 3592 metro
1184 3524 1316 3592 dubita·

177 3651 382 3664 -v———d

251 3695 279 3763 2)
299 3690 446 3746 verisimile
466 3695 507 3742 est
523 3685 736 3756 Aristophanem
755 3685 887 3738 editorem
907 3685 1001 3750 fuisse,
1021 3700 1099 3752 quem
1119 3684 1235 3737 aliorum
1255 3699 1317 3750 poe·

180 3798 271 3844 tarum
289 3787 436 3856 lyricorum
456 3783 577 3836 carmina
597 3778 745 3835 secundum
765 3781 826 3834 cola
846 3779 1015 3847 disposuisse
1028 3779 1150 3842 constat,
1170 3777 1317 3846 dequibus

177 3886 206 3939 in
226 3880 384 3936 Archilochi
402 3877 497 3946 epodis
511 3875 654 3930 Iobacchis
676 3882 750 3928 certe
769 3873 952 3941 quaerendum
967 3883 1035 3926 erat.
1073 3872 1236 3925 Aristarcho
1256 3887 1317 3924 cum

177 3979 349 4050 ὑπομνήματα
367 3975 416 4027 illa
433 3972 566 4026 scriberet
586 3969 670 4023 editio
690 3974 802 4034 praesto
822 3974 890 4020 erat.

252 4075 280 4140 3)
300 4071 382 4124 eriam
407 4065 510 4134 epodos
537 4065 637 4135 ἰάμβων
666 4061 759 4130 generi
784 4060 907 4114 tribuere
935 4060 1076 4128 solebant3
1105 4075 1167 4112 nam
1185 4057 1319 4110 Horatius

181 4167 227 4238 qui
248 4164 354 4233 epodon
374 4161 472 4214 librum
492 4158 597 4212 iambos
617 4155 741 4224 appellat
760 4155 851 4224 (epist.
872 4154 884 4207 I
905 4157 946 4222 19,
965 4157 998 4207 23
1018 4153 1056 4224 [ll
1076 4155 1100 4219 2,
1121 4152 1167 4221 59]
1188 4167 1230 4218 ep.
1252 4152 1318 4214 14‚7

182 4260 235 4314 c.I
257 4261 297 4324 16,
317 4259 341 4311 3.
352 4257 399 4325 24)
417 4271 470 4308 non
491 4267 561 4305 nova
581 4250 688 4316 afferre,
709 4249 756 4303 sed
776 4253 905 4314 veterum,
925 4247 1044 4302 fortasse
1067 4245 1223 4300 Archilochi
1242 4260 1320 4298 usum

180 4354 257 4422 sequi
283 4349 399 4404 videtur.
442 4346 569 4402 similiter
588 4347 687 4397 Anacr.
708 4345 742 4396 85
767 4341 870 4410 (epod.)
890 4343 917 4394 in
936 4341 981 4395 Et.
1002 4341 1069 4396 Gen.
1089 4340 1180 4410 ἴαμβος
1199 4338 1321 4406 appella·

180 4457 226 4503 tur
245 4461 294 4502 nec
313 4441 458 4499 aliomodo
472 4440 596 4495 Catullus
615 4435 859 4504 hendecasyllabos
879 4451 942 4492 suos
962 4434 1099 4490 interdum
1119 4433 1224 4519 iambos
1244 4431 1311 4486 dicit

179 4537 493 4611 mamam*

1520 4527 1539 4594 l
