<?xml version="1.0" encoding="UTF-8"?>
<!DOCTYPE html PUBLIC "-//W3C//DTD XHTML 1.0 Transitional//EN"
    "http://www.w3.org/TR/xhtml1/DTD/xhtml1-transitional.dtd">
<html xmlns="http://www.w3.org/1999/xhtml" xml:lang="en" lang="en">
 <head>
  <title>
</title>
<meta http-equiv="Content-Type" content="text/html;charset=utf-8" />
  <meta name='ocr-system' content='tesseract 3.04.00' />
  <meta name='ocr-capabilities' content='ocr_page ocr_carea ocr_par ocr_line ocrx_word'/>
</head>
<body>
  <div class='ocr_page' id='page_1' title='image "./qvaestionesarch00bahngoog_0029.png"; bbox 0 0 3094 5002; ppageno 0'>
   <div class='ocr_carea' id='block_1_1' title="bbox 728 330 769 410">
    <p class='ocr_par' dir='ltr' id='par_1_1' title="bbox 728 330 769 410">
     <span class='ocr_line' id='line_1_1' title="bbox 728 330 769 410; baseline 0.024 -1"><span class='ocrx_word' id='word_1_1' title='bbox 728 330 769 410; x_wconf 74' lang='lat' dir='ltr'><strong>le</strong></span> 
     </span>
    </p>
   </div>
   <div class='ocr_carea' id='block_1_2' title="bbox 86 513 1326 4510">
    <p class='ocr_par' dir='ltr' id='par_1_2' title="bbox 86 513 1326 4510">
     <span class='ocr_line' id='line_1_2' title="bbox 179 513 1326 608; baseline 0.001 -24"><span class='ocrx_word' id='word_1_2' title='bbox 179 534 285 605; x_wconf 77' lang='lat' dir='ltr'><strong>sagax</strong></span> <span class='ocrx_word' id='word_1_3' title='bbox 318 513 479 606; x_wconf 80' lang='lat' dir='ltr'>quaedam</span> <span class='ocrx_word' id='word_1_4' title='bbox 513 517 706 607; x_wconf 77' lang='lat' dir='ltr'><strong>explanatio</strong></span> <span class='ocrx_word' id='word_1_5' title='bbox 740 519 829 607; x_wconf 90' lang='lat' dir='ltr'><strong>apud</strong></span> <span class='ocrx_word' id='word_1_6' title='bbox 857 514 1051 589; x_wconf 81' lang='lat' dir='ltr'><strong>Platorium</strong></span> <span class='ocrx_word' id='word_1_7' title='bbox 1081 545 1111 585; x_wconf 87' lang='grc' dir='ltr'><strong>π.</strong></span> <span class='ocrx_word' id='word_1_8' title='bbox 1144 513 1226 608; x_wconf 84' lang='grc' dir='ltr'>διαφ.</span> <span class='ocrx_word' id='word_1_9' title='bbox 1256 536 1326 608; x_wconf 87' lang='grc' dir='ltr'>χαρ.</span> 
     </span>
     <span class='ocr_line' id='line_1_3' title="bbox 86 611 1326 716; baseline 0.001 -23"><span class='ocrx_word' id='word_1_10' title='bbox 86 695 91 703; x_wconf 76' lang='grc'>,</span> <span class='ocrx_word' id='word_1_11' title='bbox 176 628 251 715; x_wconf 78' lang='lat' dir='ltr'><strong>ph,</strong></span> <span class='ocrx_word' id='word_1_12' title='bbox 268 630 310 694; x_wconf 83' lang='lat'><strong>73</strong></span> <span class='ocrx_word' id='word_1_13' title='bbox 333 627 433 696; x_wconf 84' lang='lat' dir='ltr'><strong>Kaib.</strong></span> <span class='ocrx_word' id='word_1_14' title='bbox 466 628 610 715; x_wconf 82' lang='lat' dir='ltr'><strong>legitur:</strong></span> <span class='ocrx_word' id='word_1_15' title='bbox 656 626 801 715; x_wconf 82' lang='grc' dir='ltr'>Κρατῖνος</span> <span class='ocrx_word' id='word_1_16' title='bbox 844 631 860 692; x_wconf 83' lang='lat' dir='ltr'><strong>h</strong></span> <span class='ocrx_word' id='word_1_17' title='bbox 894 637 948 715; x_wconf 77' lang='grc' dir='ltr'>τῆς</span> <span class='ocrx_word' id='word_1_18' title='bbox 988 634 1116 704; x_wconf 80' lang='grc' dir='ltr'>παλαιᾶς</span> <span class='ocrx_word' id='word_1_19' title='bbox 1151 611 1326 716; x_wconf 84' lang='grc' dir='ltr'>κωμωιδίας</span> 
     </span>
     <span class='ocr_line' id='line_1_4' title="bbox 176 735 1324 826; baseline 0.002 -26"><span class='ocrx_word' id='word_1_20' title='bbox 176 739 319 823; x_wconf 77' lang='grc' dir='ltr'>ποιητής,</span> <span class='ocrx_word' id='word_1_21' title='bbox 342 739 395 801; x_wconf 80' lang='grc' dir='ltr'><strong>ἅτε</strong></span> <span class='ocrx_word' id='word_1_22' title='bbox 420 737 457 822; x_wconf 76' lang='grc' dir='ltr'><strong>δὴ</strong></span> <span class='ocrx_word' id='word_1_23' title='bbox 481 735 557 802; x_wconf 84' lang='grc' dir='ltr'>κατά</span> <span class='ocrx_word' id='word_1_24' title='bbox 579 735 631 810; x_wconf 88' lang='grc' dir='ltr'>τάς</span> <span class='ocrx_word' id='word_1_25' title='bbox 655 736 836 825; x_wconf 80' lang='grc' dir='ltr'>Ἀρχιλόχου</span> <span class='ocrx_word' id='word_1_26' title='bbox 862 741 1008 824; x_wconf 80' lang='grc' dir='ltr'>ζηλώσεις</span> <span class='ocrx_word' id='word_1_27' title='bbox 1019 738 1076 826; x_wconf 76' lang='lat' dir='ltr'>(P),</span> <span class='ocrx_word' id='word_1_28' title='bbox 1102 737 1248 826; x_wconf 81' lang='grc' dir='ltr'>αὐστηρὸς</span> <span class='ocrx_word' id='word_1_29' title='bbox 1273 738 1324 824; x_wconf 85' lang='grc' dir='ltr'><strong>μὲν</strong></span> 
     </span>
     <span class='ocr_line' id='line_1_5' title="bbox 178 845 1325 934; baseline 0.002 -24"><span class='ocrx_word' id='word_1_30' title='bbox 178 849 241 920; x_wconf 86' lang='grc' dir='ltr'>ταῖς</span> <span class='ocrx_word' id='word_1_31' title='bbox 271 847 430 933; x_wconf 76' lang='grc' dir='ltr'>λοιδορίαις</span> <span class='ocrx_word' id='word_1_32' title='bbox 454 847 548 911; x_wconf 86' lang='grc' dir='ltr'>ἐστίν·</span> <span class='ocrx_word' id='word_1_33' title='bbox 574 848 608 910; x_wconf 83' lang='grc' dir='ltr'><strong>οὐ</strong></span> <span class='ocrx_word' id='word_1_34' title='bbox 632 845 689 933; x_wconf 80' lang='grc' dir='ltr'><strong>γάρ</strong></span> <span class='ocrx_word' id='word_1_35' title='bbox 714 851 814 933; x_wconf 81' lang='grc' dir='ltr'>ὥσπερ</span> <span class='ocrx_word' id='word_1_36' title='bbox 841 846 1060 934; x_wconf 76' lang='grc' dir='ltr'>Ἀριστοφάνης</span> <span class='ocrx_word' id='word_1_37' title='bbox 1084 848 1248 934; x_wconf 78' lang='grc' dir='ltr'>ἐπιτρέχειν</span> <span class='ocrx_word' id='word_1_38' title='bbox 1272 847 1325 933; x_wconf 83' lang='grc' dir='ltr'>τὴν</span> 
     </span>
     <span class='ocr_line' id='line_1_6' title="bbox 174 955 1323 1044; baseline 0.001 -24"><span class='ocrx_word' id='word_1_39' title='bbox 174 956 261 1043; x_wconf 85' lang='grc' dir='ltr'>χάριν</span> <span class='ocrx_word' id='word_1_40' title='bbox 293 959 353 1028; x_wconf 87' lang='grc' dir='ltr'>τοῖς</span> <span class='ocrx_word' id='word_1_41' title='bbox 386 958 562 1041; x_wconf 81' lang='grc' dir='ltr'>σκώμμασιν</span> <span class='ocrx_word' id='word_1_42' title='bbox 592 959 686 1033; x_wconf 84' lang='grc' dir='ltr'>ποιεῖ,</span> <span class='ocrx_word' id='word_1_43' title='bbox 726 956 759 1021; x_wconf 86' lang='grc' dir='ltr'>τὸ</span> <span class='ocrx_word' id='word_1_44' title='bbox 792 956 931 1044; x_wconf 83' lang='grc' dir='ltr'>φορτικὸν</span> <span class='ocrx_word' id='word_1_45' title='bbox 959 965 1011 1043; x_wconf 78' lang='grc' dir='ltr'>τῆς</span> <span class='ocrx_word' id='word_1_46' title='bbox 1043 959 1242 1043; x_wconf 75' lang='grc' dir='ltr'>ἐπιτιμήσεως</span> <span class='ocrx_word' id='word_1_47' title='bbox 1274 955 1323 1022; x_wconf 87' lang='grc' dir='ltr'><strong>διά</strong></span> 
     </span>
     <span class='ocr_line' id='line_1_7' title="bbox 176 1063 1324 1152; baseline 0.003 -25"><span class='ocrx_word' id='word_1_48' title='bbox 176 1065 286 1149; x_wconf 81' lang='grc' dir='ltr'>ταύτης</span> <span class='ocrx_word' id='word_1_49' title='bbox 321 1067 468 1150; x_wconf 83' lang='grc' dir='ltr'>ἀναιρῶν,</span> <span class='ocrx_word' id='word_1_50' title='bbox 509 1067 575 1129; x_wconf 88' lang='grc' dir='ltr'>ἀλλ’</span> <span class='ocrx_word' id='word_1_51' title='bbox 608 1066 711 1138; x_wconf 86' lang='grc' dir='ltr'>ἁπλῶς</span> <span class='ocrx_word' id='word_1_52' title='bbox 747 1063 825 1129; x_wconf 87' lang='grc' dir='ltr'>κατά</span> <span class='ocrx_word' id='word_1_53' title='bbox 856 1065 908 1151; x_wconf 80' lang='grc' dir='ltr'>τὴν</span> <span class='ocrx_word' id='word_1_54' title='bbox 942 1067 1102 1152; x_wconf 84' lang='grc' dir='ltr'>παροιμίαν</span> <span class='ocrx_word' id='word_1_55' title='bbox 1133 1074 1242 1152; x_wconf 79' lang='grc' dir='ltr'>γομνῆι</span> <span class='ocrx_word' id='word_1_56' title='bbox 1274 1073 1324 1152; x_wconf 84' lang='grc' dir='ltr'>τῆι</span> 
     </span>
     <span class='ocr_line' id='line_1_8' title="bbox 173 1172 1324 1262; baseline 0.003 -25"><span class='ocrx_word' id='word_1_57' title='bbox 173 1176 305 1259; x_wconf 79' lang='grc' dir='ltr'>κεφαλῆι</span> <span class='ocrx_word' id='word_1_58' title='bbox 343 1174 445 1260; x_wconf 83' lang='grc' dir='ltr'>τίίλησι</span> <span class='ocrx_word' id='word_1_59' title='bbox 481 1172 532 1247; x_wconf 90' lang='grc' dir='ltr'>τάς</span> <span class='ocrx_word' id='word_1_60' title='bbox 567 1174 760 1262; x_wconf 74' lang='grc' dir='ltr'>βλασφημίας</span> <span class='ocrx_word' id='word_1_61' title='bbox 801 1173 876 1239; x_wconf 84' lang='grc' dir='ltr'>κατά</span> <span class='ocrx_word' id='word_1_62' title='bbox 908 1181 967 1239; x_wconf 85' lang='grc' dir='ltr'>τῶν</span> <span class='ocrx_word' id='word_1_63' title='bbox 1000 1177 1228 1262; x_wconf 82' lang='grc' dir='ltr'>ἁμαρτανόντων</span> <span class='ocrx_word' id='word_1_64' title='bbox 1261 1177 1324 1241; x_wconf 93' lang='grc' dir='ltr'>κτλ.</span> 
     </span>
     <span class='ocr_line' id='line_1_9' title="bbox 171 1283 1324 1371; baseline 0.003 -24"><span class='ocrx_word' id='word_1_65' title='bbox 171 1305 261 1371; x_wconf 84' lang='lat' dir='ltr'><strong>quae</strong></span> <span class='ocrx_word' id='word_1_66' title='bbox 285 1284 489 1371; x_wconf 90' lang='lat' dir='ltr'><strong>quambene</strong></span> <span class='ocrx_word' id='word_1_67' title='bbox 513 1283 604 1350; x_wconf 82' lang='lat' dir='ltr'><strong>dicte</strong></span> <span class='ocrx_word' id='word_1_68' title='bbox 628 1284 713 1366; x_wconf 86' lang='lat' dir='ltr'><strong>sint,</strong></span> <span class='ocrx_word' id='word_1_69' title='bbox 743 1307 816 1350; x_wconf 89' lang='lat' dir='ltr'><strong>cum</strong></span> <span class='ocrx_word' id='word_1_70' title='bbox 839 1307 880 1351; x_wconf 86' lang='lat' dir='ltr'><strong>ex</strong></span> <span class='ocrx_word' id='word_1_71' title='bbox 902 1284 1100 1350; x_wconf 81' lang='lat' dir='ltr'><strong>Archilochi</strong></span> <span class='ocrx_word' id='word_1_72' title='bbox 1122 1283 1324 1371; x_wconf 67' lang='lat' dir='ltr'><strong>fragmentis</strong></span> 
     </span>
     <span class='ocr_line' id='line_1_10' title="bbox 175 1391 1325 1481; baseline 0 -23"><span class='ocrx_word' id='word_1_73' title='bbox 175 1391 377 1479; x_wconf 78' lang='lat' dir='ltr'><strong>intellegere</strong></span> <span class='ocrx_word' id='word_1_74' title='bbox 401 1392 539 1460; x_wconf 85' lang='lat' dir='ltr'><strong>difficile</strong></span> <span class='ocrx_word' id='word_1_75' title='bbox 562 1393 618 1476; x_wconf 87' lang='lat' dir='ltr'><strong>sit,</strong></span> <span class='ocrx_word' id='word_1_76' title='bbox 644 1394 772 1463; x_wconf 82' lang='lat' dir='ltr'><strong>Catulli</strong></span> <span class='ocrx_word' id='word_1_77' title='bbox 794 1395 891 1462; x_wconf 91' lang='lat' dir='ltr'><strong>iuvat</strong></span> <span class='ocrx_word' id='word_1_78' title='bbox 913 1394 1086 1461; x_wconf 89' lang='lat' dir='ltr'><strong>recordari</strong></span> <span class='ocrx_word' id='word_1_79' title='bbox 1110 1396 1152 1480; x_wconf 87' lang='lat' dir='ltr'><strong>(e.</strong></span> <span class='ocrx_word' id='word_1_80' title='bbox 1168 1417 1201 1481; x_wconf 87' lang='lat' dir='ltr'><strong>g.</strong></span> <span class='ocrx_word' id='word_1_81' title='bbox 1226 1417 1251 1460; x_wconf 90' lang='lat' dir='ltr'><strong>c.</strong></span> <span class='ocrx_word' id='word_1_82' title='bbox 1269 1393 1325 1475; x_wconf 78' lang='lat'><strong>29)</strong></span> 
     </span>
     <span class='ocr_line' id='line_1_11' title="bbox 175 1499 1325 1590; baseline 0.003 -26"><span class='ocrx_word' id='word_1_83' title='bbox 175 1503 210 1565; x_wconf 89' lang='lat' dir='ltr'><strong>et</strong></span> <span class='ocrx_word' id='word_1_84' title='bbox 248 1499 374 1566; x_wconf 90' lang='lat' dir='ltr'><strong>Horati</strong></span> <span class='ocrx_word' id='word_1_85' title='bbox 411 1501 541 1589; x_wconf 85' lang='lat' dir='ltr'><strong>epodon</strong></span> <span class='ocrx_word' id='word_1_86' title='bbox 576 1503 792 1590; x_wconf 88' lang='lat' dir='ltr'><strong>quorundam.</strong></span> <span class='ocrx_word' id='word_1_87' title='bbox 862 1503 965 1570; x_wconf 86' lang='lat' dir='ltr'><strong>simili</strong></span> <span class='ocrx_word' id='word_1_88' title='bbox 999 1503 1097 1569; x_wconf 91' lang='lat' dir='ltr'><strong>modo</strong></span> <span class='ocrx_word' id='word_1_89' title='bbox 1134 1503 1325 1588; x_wconf 86' lang='lat' dir='ltr'><strong>iambogra·</strong></span> 
     </span>
     <span class='ocr_line' id='line_1_12' title="bbox 175 1605 1323 1699; baseline 0.004 -28"><span class='ocrx_word' id='word_1_90' title='bbox 175 1605 277 1693; x_wconf 89' lang='lat' dir='ltr'><strong>phum</strong></span> <span class='ocrx_word' id='word_1_91' title='bbox 300 1605 539 1676; x_wconf 85' lang='lat' dir='ltr'><strong>Archilochum</strong></span> <span class='ocrx_word' id='word_1_92' title='bbox 562 1610 716 1699; x_wconf 73' lang='lat' dir='ltr'><strong>depingit</strong></span> <span class='ocrx_word' id='word_1_93' title='bbox 740 1612 875 1678; x_wconf 89' lang='lat' dir='ltr'><strong>Lucian.</strong></span> <span class='ocrx_word' id='word_1_94' title='bbox 899 1611 1055 1679; x_wconf 87' lang='lat' dir='ltr'><strong>Pseudol.</strong></span> <span class='ocrx_word' id='word_1_95' title='bbox 1081 1612 1098 1676; x_wconf 88' lang='lat'>1</span> <span class='ocrx_word' id='word_1_96' title='bbox 1123 1612 1167 1699; x_wconf 89' lang='lat' dir='ltr'><strong>(v.</strong></span> <span class='ocrx_word' id='word_1_97' title='bbox 1191 1611 1226 1676; x_wconf 85' lang='lat' dir='ltr'><strong>fr</strong></span> <span class='ocrx_word' id='word_1_98' title='bbox 1247 1610 1323 1697; x_wconf 88' lang='lat'>143)</span> 
     </span>
     <span class='ocr_line' id='line_1_13' title="bbox 174 1711 1322 1804; baseline 0.003 -28"><span class='ocrx_word' id='word_1_99' title='bbox 174 1711 367 1799; x_wconf 76' lang='grc' dir='ltr'>(Ἀρχίλοχον</span> <span class='ocrx_word' id='word_1_100' title='bbox 390 1716 515 1800; x_wconf 66' lang='grc' dir='ltr'>ποιητὴν</span> <span class='ocrx_word' id='word_1_101' title='bbox 532 1716 662 1803; x_wconf 84' lang='grc' dir='ltr'>ἰάμβων)</span> <span class='ocrx_word' id='word_1_102' title='bbox 687 1717 780 1804; x_wconf 85' lang='grc' dir='ltr'>ἄνδρα</span> <span class='ocrx_word' id='word_1_103' title='bbox 802 1721 925 1804; x_wconf 80' lang='grc' dir='ltr'>κομιδῆι</span> <span class='ocrx_word' id='word_1_104' title='bbox 948 1717 1106 1803; x_wconf 72' lang='grc' dir='ltr'>ἐλεύθερον</span> <span class='ocrx_word' id='word_1_105' title='bbox 1129 1715 1179 1781; x_wconf 91' lang='grc' dir='ltr'>καί</span> <span class='ocrx_word' id='word_1_106' title='bbox 1202 1740 1322 1803; x_wconf 89' lang='grc' dir='ltr'>παρρη-</span> 
     </span>
     <span class='ocr_line' id='line_1_14' title="bbox 180 1821 1323 1914; baseline 0.005 -30"><span class='ocrx_word' id='word_1_107' title='bbox 180 1821 242 1884; x_wconf 91' lang='grc' dir='ltr'>σίαι</span> <span class='ocrx_word' id='word_1_108' title='bbox 275 1824 414 1905; x_wconf 83' lang='grc' dir='ltr'>συνόντα,</span> <span class='ocrx_word' id='word_1_109' title='bbox 451 1823 544 1911; x_wconf 86' lang='grc' dir='ltr'>μηδὲν</span> <span class='ocrx_word' id='word_1_110' title='bbox 577 1828 718 1891; x_wconf 82' lang='grc' dir='ltr'>ὀκνοῦντα</span> <span class='ocrx_word' id='word_1_111' title='bbox 750 1828 904 1899; x_wconf 73' lang='grc' dir='ltr'>ὀνειδίζειν</span> <span class='ocrx_word' id='word_1_112' title='bbox 935 1830 997 1891; x_wconf 89' lang='grc' dir='ltr'>κτλ.</span> <span class='ocrx_word' id='word_1_113' title='bbox 1057 1825 1118 1892; x_wconf 81' lang='lat' dir='ltr'><strong>alii</strong></span> <span class='ocrx_word' id='word_1_114' title='bbox 1139 1824 1220 1914; x_wconf 87' lang='lat' dir='ltr'><strong>quid</strong></span> <span class='ocrx_word' id='word_1_115' title='bbox 1242 1823 1323 1890; x_wconf 83' lang='lat' dir='ltr'><strong>iam-</strong></span> 
     </span>
     <span class='ocr_line' id='line_1_15' title="bbox 177 1930 1323 2021; baseline 0.002 -26"><span class='ocrx_word' id='word_1_116' title='bbox 177 1930 344 2017; x_wconf 88' lang='lat' dir='ltr'><strong>bographi</strong></span> <span class='ocrx_word' id='word_1_117' title='bbox 372 1940 492 2018; x_wconf 87' lang='lat' dir='ltr'><strong>poetae</strong></span> <span class='ocrx_word' id='word_1_118' title='bbox 515 1933 718 2019; x_wconf 88' lang='lat' dir='ltr'><strong>prodessent</strong></span> <span class='ocrx_word' id='word_1_119' title='bbox 741 1933 984 2021; x_wconf 83' lang='lat' dir='ltr'><strong>explanabant‚</strong></span> <span class='ocrx_word' id='word_1_120' title='bbox 1018 1933 1113 2001; x_wconf 90' lang='lat' dir='ltr'><strong>velut</strong></span> <span class='ocrx_word' id='word_1_121' title='bbox 1132 1933 1198 1998; x_wconf 92' lang='lat' dir='ltr'><strong>Dio</strong></span> <span class='ocrx_word' id='word_1_122' title='bbox 1221 1955 1270 1998; x_wconf 90' lang='lat' dir='ltr'><strong>or.</strong></span> <span class='ocrx_word' id='word_1_123' title='bbox 1282 1932 1323 1998; x_wconf 87' lang='lat'><strong>33</strong></span> 
     </span>
     <span class='ocr_line' id='line_1_16' title="bbox 174 2038 1324 2130; baseline 0 -27"><span class='ocrx_word' id='word_1_124' title='bbox 174 2038 274 2105; x_wconf 89' lang='lat'>1300</span> <span class='ocrx_word' id='word_1_125' title='bbox 305 2039 362 2126; x_wconf 93' lang='lat' dir='ltr'><strong>qui</strong></span> <span class='ocrx_word' id='word_1_126' title='bbox 384 2041 532 2113; x_wconf 86' lang='lat' dir='ltr'><strong>Homero</strong></span> <span class='ocrx_word' id='word_1_127' title='bbox 562 2042 735 2109; x_wconf 87' lang='lat' dir='ltr'><strong>laudatori</strong></span> <span class='ocrx_word' id='word_1_128' title='bbox 766 2042 906 2130; x_wconf 90' lang='lat' dir='ltr'><strong>opponit</strong></span> <span class='ocrx_word' id='word_1_129' title='bbox 929 2041 1186 2108; x_wconf 87' lang='lat' dir='ltr'><strong>Archilochum:</strong></span> <span class='ocrx_word' id='word_1_130' title='bbox 1216 2041 1324 2127; x_wconf 86' lang='grc' dir='ltr'>Ἀρχί-</span> 
     </span>
     <span class='ocr_line' id='line_1_17' title="bbox 174 2146 1321 2235; baseline 0.002 -26"><span class='ocrx_word' id='word_1_131' title='bbox 174 2149 263 2232; x_wconf 90' lang='grc' dir='ltr'>λοχος</span> <span class='ocrx_word' id='word_1_132' title='bbox 296 2146 329 2211; x_wconf 83' lang='grc' dir='ltr'><strong>δὲ</strong></span> <span class='ocrx_word' id='word_1_133' title='bbox 362 2146 409 2211; x_wconf 85' lang='grc' dir='ltr'><strong>ἐπὶ</strong></span> <span class='ocrx_word' id='word_1_134' title='bbox 440 2147 492 2232; x_wconf 77' lang='grc' dir='ltr'>τὴν</span> <span class='ocrx_word' id='word_1_135' title='bbox 516 2148 649 2212; x_wconf 86' lang='grc' dir='ltr'>ἐναντίαν</span> <span class='ocrx_word' id='word_1_136' title='bbox 673 2149 743 2233; x_wconf 75' lang='grc' dir='ltr'>ἧκε,</span> <span class='ocrx_word' id='word_1_137' title='bbox 777 2149 810 2211; x_wconf 83' lang='grc' dir='ltr'>τὸ</span> <span class='ocrx_word' id='word_1_138' title='bbox 842 2149 959 2235; x_wconf 79' lang='grc' dir='ltr'>ψέγειν,</span> <span class='ocrx_word' id='word_1_139' title='bbox 994 2147 1072 2235; x_wconf 86' lang='grc' dir='ltr'>ὁρῶν</span> <span class='ocrx_word' id='word_1_140' title='bbox 1104 2146 1186 2234; x_wconf 82' lang='grc' dir='ltr'>οἶμαι</span> <span class='ocrx_word' id='word_1_141' title='bbox 1215 2148 1321 2211; x_wconf 82' lang='grc' dir='ltr'>τούτου</span> 
     </span>
     <span class='ocr_line' id='line_1_18' title="bbox 176 2255 1321 2343; baseline 0.002 -26"><span class='ocrx_word' id='word_1_142' title='bbox 176 2256 287 2337; x_wconf 80' lang='grc' dir='ltr'>μᾶλλον</span> <span class='ocrx_word' id='word_1_143' title='bbox 311 2255 468 2340; x_wconf 80' lang='grc' dir='ltr'>δεομένους</span> <span class='ocrx_word' id='word_1_144' title='bbox 492 2255 559 2328; x_wconf 86' lang='grc' dir='ltr'>τοὺς</span> <span class='ocrx_word' id='word_1_145' title='bbox 583 2258 777 2342; x_wconf 76' lang='grc' dir='ltr'>ἀνθρώπους,</span> <span class='ocrx_word' id='word_1_146' title='bbox 810 2255 858 2320; x_wconf 87' lang='grc' dir='ltr'>καί</span> <span class='ocrx_word' id='word_1_147' title='bbox 884 2263 999 2342; x_wconf 86' lang='grc' dir='ltr'>πρῶτον</span> <span class='ocrx_word' id='word_1_148' title='bbox 1030 2256 1119 2321; x_wconf 82' lang='grc' dir='ltr'>αὑτὸν</span> <span class='ocrx_word' id='word_1_149' title='bbox 1152 2257 1237 2343; x_wconf 76' lang='grc' dir='ltr'>ψέγει</span> <span class='ocrx_word' id='word_1_150' title='bbox 1259 2258 1321 2320; x_wconf 87' lang='grc' dir='ltr'>κτλ.</span> 
     </span>
     <span class='ocr_line' id='line_1_19' title="bbox 174 2363 1323 2454; baseline -0.002 -23"><span class='ocrx_word' id='word_1_151' title='bbox 174 2363 277 2431; x_wconf 83' lang='lat' dir='ltr'><strong>etiam</strong></span> <span class='ocrx_word' id='word_1_152' title='bbox 306 2363 427 2432; x_wconf 85' lang='lat' dir='ltr'><strong>Iulian.</strong></span> <span class='ocrx_word' id='word_1_153' title='bbox 452 2365 615 2454; x_wconf 85' lang='lat' dir='ltr'><strong>Misopog.</strong></span> <span class='ocrx_word' id='word_1_154' title='bbox 630 2366 721 2432; x_wconf 84' lang='lat' dir='ltr'><strong>337b</strong></span> <span class='ocrx_word' id='word_1_155' title='bbox 744 2366 798 2451; x_wconf 77' lang='grc' dir='ltr'>τὴν</span> <span class='ocrx_word' id='word_1_156' title='bbox 822 2367 863 2438; x_wconf 88' lang='grc' dir='ltr'>είς</span> <span class='ocrx_word' id='word_1_157' title='bbox 885 2365 953 2438; x_wconf 84' lang='grc' dir='ltr'>τοὺς</span> <span class='ocrx_word' id='word_1_158' title='bbox 977 2367 1150 2437; x_wconf 82' lang='grc' dir='ltr'>ἀδικοῦντας</span> <span class='ocrx_word' id='word_1_159' title='bbox 1174 2365 1323 2450; x_wconf 90' lang='grc' dir='ltr'>λοιδορίαν</span> 
     </span>
     <span class='ocr_line' id='line_1_20' title="bbox 174 2471 1322 2561; baseline 0.001 -23"><span class='ocrx_word' id='word_1_160' title='bbox 174 2473 316 2561; x_wconf 87' lang='lat' dir='ltr'><strong>respicit</strong></span> <span class='ocrx_word' id='word_1_161' title='bbox 352 2496 551 2561; x_wconf 88' lang='lat' dir='ltr'><strong>quamquam</strong></span> <span class='ocrx_word' id='word_1_162' title='bbox 582 2498 650 2541; x_wconf 93' lang='lat' dir='ltr'><strong>non</strong></span> <span class='ocrx_word' id='word_1_163' title='bbox 680 2473 808 2540; x_wconf 88' lang='lat' dir='ltr'><strong>laudat.</strong></span> <span class='ocrx_word' id='word_1_164' title='bbox 837 2514 880 2522; x_wconf 93' lang='lat'><em>-</em></span> <span class='ocrx_word' id='word_1_165' title='bbox 919 2473 998 2561; x_wconf 88' lang='lat' dir='ltr'><strong>quid</strong></span> <span class='ocrx_word' id='word_1_166' title='bbox 1025 2473 1157 2540; x_wconf 90' lang='lat' dir='ltr'><strong>iambici</strong></span> <span class='ocrx_word' id='word_1_167' title='bbox 1187 2471 1322 2560; x_wconf 89' lang='lat' dir='ltr'><strong>generis</strong></span> 
     </span>
     <span class='ocr_line' id='line_1_21' title="bbox 175 2579 1321 2670; baseline 0.001 -22"><span class='ocrx_word' id='word_1_168' title='bbox 175 2579 222 2648; x_wconf 80' lang='lat' dir='ltr'><strong>sit</strong></span> <span class='ocrx_word' id='word_1_169' title='bbox 244 2582 369 2648; x_wconf 86' lang='lat' dir='ltr'><strong>multos</strong></span> <span class='ocrx_word' id='word_1_170' title='bbox 386 2582 523 2648; x_wconf 91' lang='lat' dir='ltr'><strong>illorum</strong></span> <span class='ocrx_word' id='word_1_171' title='bbox 539 2586 632 2651; x_wconf 89' lang='lat' dir='ltr'><strong>recte</strong></span> <span class='ocrx_word' id='word_1_172' title='bbox 649 2583 843 2670; x_wconf 81' lang='lat' dir='ltr'><strong>exposuisse</strong></span> <span class='ocrx_word' id='word_1_173' title='bbox 867 2582 1028 2649; x_wconf 87' lang='lat' dir='ltr'><strong>videmus.</strong></span> <span class='ocrx_word' id='word_1_174' title='bbox 1075 2586 1189 2650; x_wconf 89' lang='lat' dir='ltr'><strong>tamen</strong></span> <span class='ocrx_word' id='word_1_175' title='bbox 1212 2585 1321 2664; x_wconf 88' lang='lat' dir='ltr'><strong>erant,</strong></span> 
     </span>
     <span class='ocr_line' id='line_1_22' title="bbox 177 2690 1323 2779; baseline -0.001 -23"><span class='ocrx_word' id='word_1_176' title='bbox 177 2691 235 2779; x_wconf 90' lang='lat' dir='ltr'><strong>qui</strong></span> <span class='ocrx_word' id='word_1_177' title='bbox 268 2691 509 2757; x_wconf 89' lang='lat' dir='ltr'><strong>Archilochum</strong></span> <span class='ocrx_word' id='word_1_178' title='bbox 545 2692 761 2772; x_wconf 82' lang='lat' dir='ltr'><strong>vehementer</strong></span> <span class='ocrx_word' id='word_1_179' title='bbox 798 2691 1052 2778; x_wconf 79' lang='lat' dir='ltr'><strong>vituperarent3</strong></span> <span class='ocrx_word' id='word_1_180' title='bbox 1099 2690 1157 2756; x_wconf 89' lang='lat' dir='ltr'><strong>sed</strong></span> <span class='ocrx_word' id='word_1_181' title='bbox 1195 2690 1323 2756; x_wconf 84' lang='lat' dir='ltr'><strong>acriter</strong></span> 
     </span>
     <span class='ocr_line' id='line_1_23' title="bbox 175 2796 1322 2887; baseline -0.002 -22"><span class='ocrx_word' id='word_1_182' title='bbox 175 2798 356 2865; x_wconf 87' lang='lat' dir='ltr'><strong>tenendum</strong></span> <span class='ocrx_word' id='word_1_183' title='bbox 381 2802 443 2880; x_wconf 83' lang='lat' dir='ltr'><strong>est,</strong></span> <span class='ocrx_word' id='word_1_184' title='bbox 472 2799 507 2865; x_wconf 89' lang='lat' dir='ltr'><strong>id</strong></span> <span class='ocrx_word' id='word_1_185' title='bbox 523 2799 612 2887; x_wconf 90' lang='lat' dir='ltr'><strong>quod</strong></span> <span class='ocrx_word' id='word_1_186' title='bbox 635 2798 836 2866; x_wconf 87' lang='lat' dir='ltr'><strong>Welckerus</strong></span> <span class='ocrx_word' id='word_1_187' title='bbox 861 2821 972 2886; x_wconf 91' lang='lat' dir='ltr'><strong>opusc.</strong></span> <span class='ocrx_word' id='word_1_188' title='bbox 988 2800 1007 2864; x_wconf 89' lang='grc' dir='ltr'>Ι</span> <span class='ocrx_word' id='word_1_189' title='bbox 1021 2800 1064 2866; x_wconf 83' lang='grc'><strong>89</strong></span> <span class='ocrx_word' id='word_1_190' title='bbox 1080 2821 1120 2886; x_wconf 89' lang='lat' dir='ltr'><strong>sq</strong></span> <span class='ocrx_word' id='word_1_191' title='bbox 1148 2796 1322 2878; x_wconf 88' lang='lat' dir='ltr'><strong>indicavit,</strong></span> 
     </span>
     <span class='ocr_line' id='line_1_24' title="bbox 179 2904 1322 2995; baseline -0.001 -23"><span class='ocrx_word' id='word_1_192' title='bbox 179 2905 362 2994; x_wconf 88' lang='lat' dir='ltr'><strong>opprobria</strong></span> <span class='ocrx_word' id='word_1_193' title='bbox 387 2907 476 2995; x_wconf 90' lang='lat' dir='ltr'><strong>apud</strong></span> <span class='ocrx_word' id='word_1_194' title='bbox 499 2906 707 2975; x_wconf 81' lang='lat' dir='ltr'><strong>vetustiores</strong></span> <span class='ocrx_word' id='word_1_195' title='bbox 731 2906 890 2989; x_wconf 82' lang='lat' dir='ltr'><strong>Graecos,</strong></span> <span class='ocrx_word' id='word_1_196' title='bbox 916 2906 1038 2995; x_wconf 90' lang='lat' dir='ltr'><strong>quippe</strong></span> <span class='ocrx_word' id='word_1_197' title='bbox 1063 2906 1179 2993; x_wconf 87' lang='lat' dir='ltr'><strong>quiet</strong></span> <span class='ocrx_word' id='word_1_198' title='bbox 1203 2904 1243 2971; x_wconf 90' lang='lat' dir='ltr'><strong>de</strong></span> <span class='ocrx_word' id='word_1_199' title='bbox 1266 2926 1322 2990; x_wconf 88' lang='lat' dir='ltr'><strong>ge-</strong></span> 
     </span>
     <span class='ocr_line' id='line_1_25' title="bbox 179 3012 1323 3103; baseline 0.001 -24"><span class='ocrx_word' id='word_1_200' title='bbox 179 3035 260 3080; x_wconf 90' lang='lat' dir='ltr'><strong>nere</strong></span> <span class='ocrx_word' id='word_1_201' title='bbox 284 3020 319 3080; x_wconf 92' lang='lat' dir='ltr'><strong>et</strong></span> <span class='ocrx_word' id='word_1_202' title='bbox 342 3013 383 3080; x_wconf 89' lang='lat' dir='ltr'><strong>de</strong></span> <span class='ocrx_word' id='word_1_203' title='bbox 406 3022 509 3103; x_wconf 90' lang='lat' dir='ltr'><strong>poeta</strong></span> <span class='ocrx_word' id='word_1_204' title='bbox 537 3019 630 3083; x_wconf 91' lang='lat' dir='ltr'><strong>recte</strong></span> <span class='ocrx_word' id='word_1_205' title='bbox 659 3013 867 3096; x_wconf 82' lang='lat' dir='ltr'><strong>iudicarent,</strong></span> <span class='ocrx_word' id='word_1_206' title='bbox 900 3036 967 3079; x_wconf 90' lang='lat' dir='ltr'><strong>non</strong></span> <span class='ocrx_word' id='word_1_207' title='bbox 995 3013 1158 3096; x_wconf 87' lang='lat' dir='ltr'><strong>inveniri,</strong></span> <span class='ocrx_word' id='word_1_208' title='bbox 1192 3012 1323 3101; x_wconf 88' lang='lat' dir='ltr'><strong>vitupe-</strong></span> 
     </span>
     <span class='ocr_line' id='line_1_26' title="bbox 177 3121 1322 3211; baseline -0.001 -23"><span class='ocrx_word' id='word_1_209' title='bbox 177 3122 344 3189; x_wconf 88' lang='lat' dir='ltr'><strong>rationem</strong></span> <span class='ocrx_word' id='word_1_210' title='bbox 376 3146 483 3211; x_wconf 91' lang='lat' dir='ltr'><strong>neque</strong></span> <span class='ocrx_word' id='word_1_211' title='bbox 514 3123 655 3190; x_wconf 90' lang='lat' dir='ltr'><strong>Pindari</strong></span> <span class='ocrx_word' id='word_1_212' title='bbox 677 3122 757 3188; x_wconf 90' lang='lat' dir='ltr'><strong>PH</strong></span> <span class='ocrx_word' id='word_1_213' title='bbox 772 3123 814 3188; x_wconf 82' lang='lat'><strong>55</strong></span> <span class='ocrx_word' id='word_1_214' title='bbox 849 3121 973 3209; x_wconf 75' lang='grc' dir='ltr'>ψογερὸς</span> <span class='ocrx_word' id='word_1_215' title='bbox 1004 3121 1181 3209; x_wconf 86' lang='grc' dir='ltr'>Ἀρχίλοχος</span> <span class='ocrx_word' id='word_1_216' title='bbox 1216 3143 1322 3208; x_wconf 90' lang='lat' dir='ltr'><strong>neque</strong></span> 
     </span>
     <span class='ocr_line' id='line_1_27' title="bbox 177 3227 1323 3318; baseline -0.004 -20"><span class='ocrx_word' id='word_1_217' title='bbox 177 3231 424 3299; x_wconf 87' lang='lat' dir='ltr'><strong>Alcidamantis</strong></span> <span class='ocrx_word' id='word_1_218' title='bbox 458 3231 572 3299; x_wconf 88' lang='lat' dir='ltr'><strong>verbis</strong></span> <span class='ocrx_word' id='word_1_219' title='bbox 604 3253 655 3318; x_wconf 88' lang='lat' dir='ltr'><strong>ap.</strong></span> <span class='ocrx_word' id='word_1_220' title='bbox 681 3231 828 3298; x_wconf 86' lang='lat' dir='ltr'><strong>Aristot.</strong></span> <span class='ocrx_word' id='word_1_221' title='bbox 851 3231 939 3298; x_wconf 89' lang='lat' dir='ltr'><strong>rhet.</strong></span> <span class='ocrx_word' id='word_1_222' title='bbox 954 3230 1048 3298; x_wconf 84' lang='lat'><strong>1123</strong></span> <span class='ocrx_word' id='word_1_223' title='bbox 1078 3228 1185 3316; x_wconf 83' lang='grc' dir='ltr'>Πάριοι</span> <span class='ocrx_word' id='word_1_224' title='bbox 1218 3227 1323 3316; x_wconf 85' lang='grc' dir='ltr'>Ἀρχί-</span> 
     </span>
     <span class='ocr_line' id='line_1_28' title="bbox 176 3337 1321 3426; baseline 0 -24"><span class='ocrx_word' id='word_1_225' title='bbox 176 3343 266 3426; x_wconf 92' lang='grc' dir='ltr'>λοχον</span> <span class='ocrx_word' id='word_1_226' title='bbox 289 3339 395 3426; x_wconf 87' lang='grc' dir='ltr'>καίπερ</span> <span class='ocrx_word' id='word_1_227' title='bbox 427 3339 605 3426; x_wconf 80' lang='grc' dir='ltr'>βλάσφημον</span> <span class='ocrx_word' id='word_1_228' title='bbox 636 3338 705 3404; x_wconf 78' lang='grc' dir='ltr'>’ὄντα</span> <span class='ocrx_word' id='word_1_229' title='bbox 736 3340 926 3424; x_wconf 77' lang='grc' dir='ltr'>τετιμηκασιν</span> <span class='ocrx_word' id='word_1_230' title='bbox 957 3338 1083 3422; x_wconf 84' lang='lat' dir='ltr'><strong>inesse;</strong></span> <span class='ocrx_word' id='word_1_231' title='bbox 1120 3337 1234 3404; x_wconf 87' lang='lat' dir='ltr'><strong>eadem</strong></span> <span class='ocrx_word' id='word_1_232' title='bbox 1267 3359 1321 3403; x_wconf 83' lang='lat' dir='ltr'><strong>res</strong></span> 
     </span>
     <span class='ocr_line' id='line_1_29' title="bbox 146 3441 1322 3533; baseline -0.007 -15"><span class='ocrx_word' id='word_1_233' title='bbox 146 3441 148 3446; x_wconf 51' lang='grc'>’</span> <span class='ocrx_word' id='word_1_234' title='bbox 176 3454 229 3518; x_wconf 89' lang='lat' dir='ltr'><strong>est</strong></span> <span class='ocrx_word' id='word_1_235' title='bbox 257 3451 291 3516; x_wconf 91' lang='lat' dir='ltr'><strong>in</strong></span> <span class='ocrx_word' id='word_1_236' title='bbox 315 3447 503 3516; x_wconf 89' lang='lat' dir='ltr'><strong>comoediae</strong></span> <span class='ocrx_word' id='word_1_237' title='bbox 528 3446 709 3514; x_wconf 86' lang='lat' dir='ltr'><strong>Cratineae</strong></span> <span class='ocrx_word' id='word_1_238' title='bbox 732 3445 907 3533; x_wconf 83' lang='grc' dir='ltr'>Ἀρχίλοχοι</span> <span class='ocrx_word' id='word_1_239' title='bbox 929 3445 1033 3512; x_wconf 91' lang='lat' dir='ltr'><strong>titulo</strong></span> <span class='ocrx_word' id='word_1_240' title='bbox 1057 3452 1092 3512; x_wconf 91' lang='lat' dir='ltr'><strong>et</strong></span> <span class='ocrx_word' id='word_1_241' title='bbox 1115 3445 1150 3510; x_wconf 92' lang='lat' dir='ltr'><strong>in</strong></span> <span class='ocrx_word' id='word_1_242' title='bbox 1173 3444 1322 3530; x_wconf 81' lang='lat' dir='ltr'><strong>Gorgiae</strong></span> 
     </span>
     <span class='ocr_line' id='line_1_30' title="bbox 176 3549 1323 3643; baseline -0.006 -23"><span class='ocrx_word' id='word_1_243' title='bbox 176 3555 460 3643; x_wconf 88' lang='lat' dir='ltr'><strong>apophthegmate</strong></span> <span class='ocrx_word' id='word_1_244' title='bbox 482 3553 620 3642; x_wconf 90' lang='lat' dir='ltr'><strong>(Athen.</strong></span> <span class='ocrx_word' id='word_1_245' title='bbox 635 3553 687 3619; x_wconf 91' lang='lat' dir='ltr'><strong>XI</strong></span> <span class='ocrx_word' id='word_1_246' title='bbox 699 3555 810 3640; x_wconf 71' lang='lat' dir='ltr'><strong>sose),</strong></span> <span class='ocrx_word' id='word_1_247' title='bbox 841 3553 898 3642; x_wconf 91' lang='lat' dir='ltr'><strong>qui</strong></span> <span class='ocrx_word' id='word_1_248' title='bbox 921 3552 1099 3620; x_wconf 90' lang='lat' dir='ltr'><strong>Platonem</strong></span> <span class='ocrx_word' id='word_1_249' title='bbox 1128 3552 1193 3616; x_wconf 83' lang='grc' dir='ltr'>νέον</span> <span class='ocrx_word' id='word_1_250' title='bbox 1218 3549 1323 3637; x_wconf 87' lang='grc' dir='ltr'>Ἀρχί-</span> 
     </span>
     <span class='ocr_line' id='line_1_31' title="bbox 175 3660 1322 3753; baseline -0.005 -23"><span class='ocrx_word' id='word_1_251' title='bbox 175 3668 266 3752; x_wconf 91' lang='grc' dir='ltr'>λοχον</span> <span class='ocrx_word' id='word_1_252' title='bbox 302 3665 493 3753; x_wconf 88' lang='lat' dir='ltr'><strong>appellasse</strong></span> <span class='ocrx_word' id='word_1_253' title='bbox 528 3663 650 3731; x_wconf 82' lang='lat' dir='ltr'><strong>fertur.</strong></span> <span class='ocrx_word' id='word_1_254' title='bbox 704 3686 745 3730; x_wconf 91' lang='lat' dir='ltr'><strong>ne</strong></span> <span class='ocrx_word' id='word_1_255' title='bbox 779 3663 867 3751; x_wconf 90' lang='lat' dir='ltr'><strong>apud</strong></span> <span class='ocrx_word' id='word_1_256' title='bbox 899 3662 1040 3729; x_wconf 87' lang='lat' dir='ltr'><strong>Latinos</strong></span> <span class='ocrx_word' id='word_1_257' title='bbox 1079 3660 1212 3749; x_wconf 91' lang='lat' dir='ltr'><strong>quidem</strong></span> <span class='ocrx_word' id='word_1_258' title='bbox 1247 3680 1322 3725; x_wconf 89' lang='lat' dir='ltr'><strong>auc-</strong></span> 
     </span>
     <span class='ocr_line' id='line_1_32' title="bbox 176 3771 1322 3855; baseline -0.006 -17"><span class='ocrx_word' id='word_1_259' title='bbox 176 3777 270 3841; x_wconf 82' lang='lat' dir='ltr'><strong>tores</strong></span> <span class='ocrx_word' id='word_1_260' title='bbox 294 3774 390 3841; x_wconf 91' lang='lat' dir='ltr'><strong>velut</strong></span> <span class='ocrx_word' id='word_1_261' title='bbox 408 3773 515 3840; x_wconf 88' lang='lat' dir='ltr'><strong>Lucil.</strong></span> <span class='ocrx_word' id='word_1_262' title='bbox 541 3773 574 3839; x_wconf 88' lang='lat' dir='ltr'><strong>fr</strong></span> <span class='ocrx_word' id='word_1_263' title='bbox 598 3772 698 3840; x_wconf 82' lang='lat' dir='ltr'>655L</span> <span class='ocrx_word' id='word_1_264' title='bbox 732 3779 833 3838; x_wconf 81' lang='lat' dir='ltr'><strong>uiciuo</strong></span> <span class='ocrx_word' id='word_1_265' title='bbox 864 3780 899 3836; x_wconf 79' lang='lat' dir='ltr'><strong>ut</strong></span> <span class='ocrx_word' id='word_1_266' title='bbox 928 3774 1002 3855; x_wconf 75' lang='lat' dir='ltr'><strong>lieri</strong></span> <span class='ocrx_word' id='word_1_267' title='bbox 1031 3771 1151 3852; x_wconf 81' lang='lat' dir='ltr'><strong>possit,</strong></span> <span class='ocrx_word' id='word_1_268' title='bbox 1181 3789 1233 3852; x_wconf 75' lang='lat' dir='ltr'><strong>epo</strong></span> <span class='ocrx_word' id='word_1_269' title='bbox 1262 3789 1322 3851; x_wconf 81' lang='lat' dir='ltr'><strong>quo</strong></span> 
     </span>
     <span class='ocr_line' id='line_1_33' title="bbox 176 3877 1323 3967; baseline -0.007 -19"><span class='ocrx_word' id='word_1_270' title='bbox 176 3885 214 3948; x_wconf 84' lang='lat' dir='ltr'><strong>ch</strong></span> <span class='ocrx_word' id='word_1_271' title='bbox 251 3884 437 3950; x_wconf 77' lang='lat' dir='ltr'><strong>Archilocho</strong></span> <span class='ocrx_word' id='word_1_272' title='bbox 475 3884 599 3967; x_wconf 76' lang='lat' dir='ltr'><strong>excide,</strong></span> <span class='ocrx_word' id='word_1_273' title='bbox 646 3882 712 3950; x_wconf 81' lang='lat' dir='ltr'><strong>Cic.</strong></span> <span class='ocrx_word' id='word_1_274' title='bbox 737 3888 808 3948; x_wconf 90' lang='lat' dir='ltr'><strong>nat.</strong></span> <span class='ocrx_word' id='word_1_275' title='bbox 833 3881 924 3947; x_wconf 89' lang='lat' dir='ltr'><strong>deor.</strong></span> <span class='ocrx_word' id='word_1_276' title='bbox 948 3879 1003 3944; x_wconf 87' lang='grc' dir='ltr'><strong>ΠΙ</strong></span> <span class='ocrx_word' id='word_1_277' title='bbox 1027 3878 1066 3944; x_wconf 87' lang='grc'><strong>91</strong></span> <span class='ocrx_word' id='word_1_278' title='bbox 1108 3899 1204 3961; x_wconf 78' lang='lat' dir='ltr'><strong>aeque</strong></span> <span class='ocrx_word' id='word_1_279' title='bbox 1238 3877 1323 3942; x_wconf 84' lang='lat' dir='ltr'><strong>cuim</strong></span> 
     </span>
     <span class='ocr_line' id='line_1_34' title="bbox 175 3985 1324 4077; baseline -0.007 -19"><span class='ocrx_word' id='word_1_280' title='bbox 175 4015 261 4077; x_wconf 79' lang='lat' dir='ltr'><strong>quem</strong></span> <span class='ocrx_word' id='word_1_281' title='bbox 293 3994 507 4075; x_wconf 77' lang='lat' dir='ltr'><strong>Hipponactis</strong></span> <span class='ocrx_word' id='word_1_282' title='bbox 539 3993 661 4058; x_wconf 82' lang='lat' dir='ltr'><strong>iambus</strong></span> <span class='ocrx_word' id='word_1_283' title='bbox 696 3993 830 4056; x_wconf 77' lang='lat' dir='ltr'><strong>laeserat</strong></span> <span class='ocrx_word' id='word_1_284' title='bbox 864 3995 919 4056; x_wconf 80' lang='lat' dir='ltr'><strong>cui</strong></span> <span class='ocrx_word' id='word_1_285' title='bbox 952 3989 1007 4071; x_wconf 78' lang='lat' dir='ltr'><strong>qui</strong></span> <span class='ocrx_word' id='word_1_286' title='bbox 1040 3993 1107 4052; x_wconf 79' lang='lat' dir='ltr'><strong>crui</strong></span> <span class='ocrx_word' id='word_1_287' title='bbox 1140 3985 1324 4050; x_wconf 75' lang='lat' dir='ltr'><strong>Archilochi</strong></span> 
     </span>
     <span class='ocr_line' id='line_1_35' title="bbox 174 4099 1324 4177; baseline -0.008 -12"><span class='ocrx_word' id='word_1_288' title='bbox 174 4122 266 4167; x_wconf 82' lang='lat' dir='ltr'><strong>versu</strong></span> <span class='ocrx_word' id='word_1_289' title='bbox 294 4101 480 4165; x_wconf 76' lang='lat' dir='ltr'><strong>vulocratus</strong></span> <span class='ocrx_word' id='word_1_290' title='bbox 514 4122 533 4164; x_wconf 88' lang='grc' dir='ltr'>α</span> <span class='ocrx_word' id='word_1_291' title='bbox 567 4102 624 4165; x_wconf 85' lang='lat' dir='ltr'><strong>deo</strong></span> <span class='ocrx_word' id='word_1_292' title='bbox 656 4101 821 4164; x_wconf 73' lang='lat' dir='ltr'><strong>inscissum</strong></span> <span class='ocrx_word' id='word_1_293' title='bbox 855 4099 1012 4177; x_wconf 84' lang='lat' dir='ltr'><strong>dolorem,</strong></span> <span class='ocrx_word' id='word_1_294' title='bbox 1053 4115 1116 4158; x_wconf 83' lang='lat' dir='ltr'><strong>uou</strong></span> <span class='ocrx_word' id='word_1_295' title='bbox 1148 4099 1324 4174; x_wconf 78' lang='lat' dir='ltr'><strong>conceptum</strong></span> 
     </span>
     <span class='ocr_line' id='line_1_36' title="bbox 176 4199 1324 4288; baseline -0.004 -16"><span class='ocrx_word' id='word_1_296' title='bbox 176 4230 197 4272; x_wconf 88' lang='grc' dir='ltr'>α</span> <span class='ocrx_word' id='word_1_297' title='bbox 233 4228 265 4272; x_wconf 88' lang='lat' dir='ltr'><strong>sc</strong></span> <span class='ocrx_word' id='word_1_298' title='bbox 294 4208 362 4288; x_wconf 82' lang='lat' dir='ltr'><strong>ipso</strong></span> <span class='ocrx_word' id='word_1_299' title='bbox 400 4207 590 4288; x_wconf 81' lang='lat' dir='ltr'><strong>coutiuehut,</strong></span> <span class='ocrx_word' id='word_1_300' title='bbox 641 4206 676 4271; x_wconf 86' lang='lat' dir='ltr'><strong>cf</strong></span> <span class='ocrx_word' id='word_1_301' title='bbox 707 4205 750 4272; x_wconf 89' lang='lat' dir='ltr'><strong>ad</strong></span> <span class='ocrx_word' id='word_1_302' title='bbox 779 4205 857 4272; x_wconf 91' lang='lat' dir='ltr'><strong>Att.</strong></span> <span class='ocrx_word' id='word_1_303' title='bbox 880 4204 916 4270; x_wconf 89' lang='lat' dir='ltr'>H</span> <span class='ocrx_word' id='word_1_304' title='bbox 939 4204 991 4284; x_wconf 77' lang='lat'><strong>20,</strong></span> <span class='ocrx_word' id='word_1_305' title='bbox 1009 4203 1038 4267; x_wconf 85' lang='grc'><strong>6.</strong></span> <span class='ocrx_word' id='word_1_306' title='bbox 1062 4200 1168 4284; x_wconf 80' lang='lat'>21,4,</span> <span class='ocrx_word' id='word_1_307' title='bbox 1209 4205 1249 4267; x_wconf 88' lang='lat' dir='ltr'><strong>ut</strong></span> <span class='ocrx_word' id='word_1_308' title='bbox 1283 4199 1324 4267; x_wconf 91' lang='lat' dir='ltr'><strong>da</strong></span> 
     </span>
     <span class='ocr_line' id='line_1_37' title="bbox 177 4306 1323 4402; baseline -0.007 -20"><span class='ocrx_word' id='word_1_309' title='bbox 177 4314 322 4382; x_wconf 84' lang='lat' dir='ltr'><strong>Horatio</strong></span> <span class='ocrx_word' id='word_1_310' title='bbox 351 4322 500 4396; x_wconf 87' lang='lat' dir='ltr'><strong>taceam,</strong></span> <span class='ocrx_word' id='word_1_311' title='bbox 531 4317 652 4402; x_wconf 88' lang='lat' dir='ltr'><strong>poetae</strong></span> <span class='ocrx_word' id='word_1_312' title='bbox 682 4313 850 4380; x_wconf 84' lang='lat' dir='ltr'><strong>acerbitas</strong></span> <span class='ocrx_word' id='word_1_313' title='bbox 874 4311 1100 4398; x_wconf 88' lang='lat' dir='ltr'><strong>vituperetur.</strong></span> <span class='ocrx_word' id='word_1_314' title='bbox 1191 4306 1323 4396; x_wconf 85' lang='lat' dir='ltr'><strong>vitupe-</strong></span> 
     </span>
     <span class='ocr_line' id='line_1_38' title="bbox 176 4413 1325 4510; baseline -0.005 -21"><span class='ocrx_word' id='word_1_315' title='bbox 176 4421 344 4490; x_wconf 89' lang='lat' dir='ltr'><strong>rationem</strong></span> <span class='ocrx_word' id='word_1_316' title='bbox 368 4421 511 4510; x_wconf 91' lang='lat' dir='ltr'><strong>primum</strong></span> <span class='ocrx_word' id='word_1_317' title='bbox 535 4420 623 4509; x_wconf 91' lang='lat' dir='ltr'><strong>apud</strong></span> <span class='ocrx_word' id='word_1_318' title='bbox 647 4419 887 4486; x_wconf 83' lang='lat' dir='ltr'><strong>Callimachum</strong></span> <span class='ocrx_word' id='word_1_319' title='bbox 909 4414 1057 4486; x_wconf 88' lang='lat' dir='ltr'><strong>inveniri</strong></span> <span class='ocrx_word' id='word_1_320' title='bbox 1078 4413 1220 4483; x_wconf 86' lang='lat' dir='ltr'><strong>iudicem</strong></span> <span class='ocrx_word' id='word_1_321' title='bbox 1244 4438 1325 4483; x_wconf 89' lang='lat' dir='ltr'><strong>sane</strong></span> 
     </span>
    </p>
   </div>
   <div class='ocr_carea' id='block_1_3' title="bbox 178 4524 1326 4700">
    <p class='ocr_par' dir='ltr' id='par_1_3' title="bbox 178 4524 1326 4700">
     <span class='ocr_line' id='line_1_39' title="bbox 178 4524 1326 4620; baseline -0.003 -23"><span class='ocrx_word' id='word_1_322' title='bbox 178 4531 420 4620; x_wconf 79' lang='lat' dir='ltr'><strong>&#39;gravissimum</strong></span> <span class='ocrx_word' id='word_1_323' title='bbox 442 4535 543 4598; x_wconf 84' lang='lat' dir='ltr'><strong>antea</strong></span> <span class='ocrx_word' id='word_1_324' title='bbox 565 4529 720 4599; x_wconf 81' lang='lat' dir='ltr'><strong>uidimus</strong></span> <span class='ocrx_word' id='word_1_325' title='bbox 766 4532 845 4617; x_wconf 89' lang='lat' dir='ltr'><strong>post</strong></span> <span class='ocrx_word' id='word_1_326' title='bbox 869 4552 942 4596; x_wconf 88' lang='lat' dir='ltr'><strong>eum</strong></span> <span class='ocrx_word' id='word_1_327' title='bbox 958 4524 1163 4594; x_wconf 87' lang='lat' dir='ltr'><strong>Plutarchus</strong></span> <span class='ocrx_word' id='word_1_328' title='bbox 1185 4525 1240 4592; x_wconf 91' lang='lat' dir='ltr'><strong>hic</strong></span> <span class='ocrx_word' id='word_1_329' title='bbox 1254 4524 1326 4594; x_wconf 90' lang='lat' dir='ltr'><strong>illic</strong></span> 
     </span>
     <span class='ocr_line' id='line_1_40' title="bbox 1059 4635 1109 4700; baseline 0 -26"><span class='ocrx_word' id='word_1_330' title='bbox 1059 4635 1080 4700; x_wconf 78' lang='lat'>2</span> <span class='ocrx_word' id='word_1_331' title='bbox 1093 4637 1109 4674; x_wconf 77' lang='lat'>*</span> 
     </span>
    </p>
   </div>
   <div class='ocr_carea' id='block_1_4' title="bbox 0 0 1552 5002">
    <p class='ocr_par' dir='ltr' id='par_1_4' title="bbox 0 0 1552 5002">
     <span class='ocr_line' id='line_1_41' title="bbox 0 0 1552 5002; baseline 0 0"><span class='ocrx_word' id='word_1_332' title='bbox 0 0 1552 5002; x_wconf 95' lang='lat' dir='ltr'><strong> </strong></span> 
     </span>
    </p>
   </div>
  </div>
 </body>
</html>
