3094 5002
730 294 771 370 41

179 477 239 548 tur
262 475 447 565 scriptura)
463 498 489 542 e
513 473 655 543 metrica
677 472 811 542 ratione
834 471 1063 564 redarguitur.
1098 475 1211 540 tamen
1233 469 1331 538 Hoff-

179 609 319 655 mannus
343 585 514 654 concludit
536 585 572 652 in
596 587 710 674 βροτοῖς
733 607 850 655 veram
871 583 982 653 latare
1004 582 1208 676 memoriam,
1233 605 1332 672 quam
1432 576 1439 582 ”

184 696 317 787 quidem
339 695 592 784 transponendo
616 695 756 764 restitui
780 695 845 762 sibi
866 693 1047 784 persuasit.
1322 772 1324 778 ¹

268 809 304 874 fr
314 807 377 874 119
416 805 577 874 memoria
619 805 833 894 gravissimis
876 803 1123 894 impedimentis
1154 805 1332 872 obstructa

180 921 234 987 est
243 916 292 1005 ³³).
346 939 423 984 nam
456 903 624 984 Pindarus
649 915 753 983 Ο.ΙΧ
776 915 827 983 ita
848 914 968 1003 incipit
1002 913 1035 980 τὸ
1071 912 1122 1000 μὲν
1145 908 1331 1002 Ἀρχιλόχου

181 1028 272 1114 μέλος
292 1029 297 1113 Ι
319 1031 438 1115 φωνᾶεν
454 1025 624 1112 Ὀλυμπίαι,
649 1024 826 1099 Καλλίνικος
851 1028 866 1088 ό
889 1025 1025 1112 τριπλόος
1048 1026 1218 1112 κεχλαδώς.
1252 1023 1330 1091 Pin·

181 1137 285 1206 darns
307 1137 416 1225 igitur
427 1136 632 1205 Archilocho
656 1159 790 1205 carmen
812 1135 945 1220 tribuit,
976 1158 1040 1224 quo
1064 1134 1242 1222 Olympiae
1264 1133 1331 1202 vic·

179 1253 273 1316 toros
297 1247 573 1332 celebrabantur;
610 1246 702 1314 cuius
727 1245 927 1335 simplicitas
951 1244 1103 1333 quamvis
1122 1244 1330 1312 ‘abhorreret

181 1379 203 1426 a
224 1355 348 1446 grandi
370 1355 512 1426 Pindari
534 1355 689 1440 carmine,
713 1359 827 1424 tamen

357 1465 465 1554 ἄρκεσε
487 1463 613 1553 Κρόνιον
636 1470 705 1554 παρ’
729 1457 822 1554 όχθον
846 1468 1045 1553 ἁγεμονεῦσαι

353 1576 521 1662 κωμάζοντι
545 1577 642 1664 φίλοις
665 1575 880 1664 Ἐφαρμόστωι
903 1577 954 1642 σὺν
977 1577 1113 1663 ἑταίροις.

182 1687 280 1776 quale
311 1687 374 1755 hoc
403 1709 538 1754 carmen
564 1686 679 1771 fuerit,
710 1686 745 1753 in
769 1686 903 1755 scholiis
933 1709 1056 1774 magna
1077 1686 1242 1754 dissensio
1267 1689 1330 1755 est.

130 1859 133 1865 .
181 1797 391 1884 agnoscimus
398 1796 639 1865 Eratosthenis
652 1797 855 1866 sententiam
861 1796 1113 1882 Aristarcheac,
1127 1819 1226 1884 quam
1238 1797 1331 1864 scho-

179 1905 285 1974 liasta
308 1907 472 1995 seqnitur,
496 1907 696 1995 oppositam.
738 1906 935 1975 Aristarchi
958 1911 1077 1975 auctor
1099 1907 1329 1975 Eratosthene
1425 1926 1428 1933 ·

180 2016 238 2104 qui
268 2016 299 2084 ei
326 2016 532 2085 adversatur
561 2016 733 2106 antiquior
766 2041 881 2087 vocem
910 2019 1046 2104 τριπλόος
1076 2016 1327 2105 interpretatus

180 2130 235 2194 est
257 2126 305 2212 (cf
324 2125 368 2194 ad
390 2150 420 2193 v.
434 2128 469 2209 3)
492 2127 667 2214 τρίστροφος
691 2129 741 2194 ὤν.
822 2127 1070 2196 Eratosthenes
1095 2127 1153 2212 (ad
1175 2127 1238 2195 ν.1
1262 2127 1328 2214 §dl

117 2253 119 2256 '
179 2235 283 2304 aliter
299 2236 494 2305 indicabat:
524 2235 748 2325 Ἐρατοσθένης
781 2238 814 2302 δέ
846 2264 922 2324 φησι
959 2239 999 2324 μὴ
1024 2239 1162 2304 ἐπινίκιον
1187 2235 1327 2302 εἶναιτὸ

182 2343 415 2434 Ἀρχιλόχου
441 2347 570 2432 μέλος,
606 2341 671 2411 ἀλλ’
696 2346 786 2432 ὕμνον
811 2348 852 2420 εἰς
871 2341 1040 2434 Ἡρακλέα,
1065 2347 1261 2432 τριπλόον
1295 2344 1328 2410 δὲ

178 2456 212 2520 οὐ
238 2454 287 2521 διὰ
309 2454 341 2520 τό
366 2457 399 2520 ἐκ
421 2469 508 2542 τριῶν
532 2461 670 2543 στροφῶν
695 2457 885 2540 συγκεῖσθαι,
917 2455 994 2521 ἀλλὰ
1018 2454 1069 2520 διαί
1091 2456 1124 2518 τὸ
1146 2453 1206 2541 τρὶς
1229 2456 1325 2540 ἐφυμ-

181 2565 338 2636 νιοίζεοθαι
367 2564 400 2629 τὸ
434 2564 665 2630 Καλλίνικε.
712 2564 779 2650 περὶ
810 2564 843 2628 δὲ
874 2571 925 2632 τοῦ
948 2563 1085 2650 Τήνελλα
1108 2563 1328 2651 Ἐρατοσθένης

181 2672 272 2757 φησίν
307 2673 352 2737 δτι
383 2673 433 2735 ὅτε
462 2671 676 2757 ὁαθλητὴςῆ
710 2673 924 2758 δκιθαριστὴς
957 2672 997 2758 μὴ
1020 2679 1128 2759 παρῆν,
1161 2671 1325 2759 θέξαρχος

179 2779 251 2846 αὐτὸ
269 2783 444 2869 μεταλαβὼν
461 2780 561 2865 ἔλεγεν
586 2780 642 2854 ἔξω
666 2785 718 2847 τοῦ
742 2781 858 2867 μέλους,
883 2784 898 2846 ὁ
923 2781 956 2847 δὲ
978 2788 1037 2847 τῶν
1052 2788 1220 2867 κωμαστῶν
1235 2780 1326 2868 χορὸς

178 2890 310 2978 ὑπέβαλε
342 2890 375 2955 τό
406 2891 556 2956 καλλίνικε
577 2889 627 2955 καί
659 2891 737 2956 οὕτω
770 2894 974 2978 συνειρόμενον
997 2892 1102 2976 γέγονε
1132 2889 1165 2954 τὸ
1198 2892 1325 2975 τήνελλα

176 2999 335 3065 καλλίνικε.
382 3023 423 3067 ex
452 3000 515 3068 hoc
544 3000 618 3068 loco
651 3000 754 3069 etiam
784 3001 864 3089 quid
888 3001 1091 3069 Aristarcho
1125 3021 1324 3088 persuasum

179 3109 284 3178 fuerit
308 3109 435 3180 certius
459 3110 690 3198 intellegitur:
726 3111 891 3199 epinicion
914 3134 988 3179 esse
1011 3109 1148 3199 putavit
1172 3133 1189 3176 e
1212 3108 1324 3178 tribus

181 3218 331 3307 strophis
356 3219 586 3309 compositum.
631 3220 747 3288 eadem
769 3221 939 3290 sententia
962 3220 1029 3289 alio
1052 3220 1125 3288 loco
1150 3221 1255 3303 extat,
1280 3217 1324 3285 ad

177 3328 329 3414 v.l§6:
362 3329 395 3394 τό
429 3328 481 3416 μέν
515 3327 689 3418 Ἀρχιλόχου
714 3330 810 3415 μέλος,
842 3333 857 3396 θ
888 3333 949 3405 τοῖς
971 3338 1075 3397 νικῶσι
1104 3329 1140 3395 τὰ
1168 3326 1323 3414 Ὀλύμπια

177 3435 327 3522 ἐπήιδετο,
360 3438 397 3523 ἦν
419 3439 612 3525 τρίστρυιρον,
646 3445 750 3512 κοινῶς
775 3440 936 3526 δυνάμενον
961 3441 1101 3526 ἁρμόζειν
1134 3441 1182 3508 ἐπί
1216 3441 1324 3515 παντὸς

177 3546 343 3631 νικηφόρου
377 3543 426 3611 διὰ
460 3545 566 3611 τό·καί
588 3553 641 3632 τῆς
665 3547 802 3634 πράξεως
826 3547 918 3634 αὐτῆς
942 3546 1027 3636 ψιλόν
1053 3548 1132 3636 ἔχειν
1164 3550 1323 3638 τὸνλόγον

178 3656 253 3741 μήτε
287 3653 320 3720 δὲ
353 3654 447 3741 ’όνομα
478 3657 553 3741 μήτε
580 3656 695 3742 ἰδίωμα
725 3657 942 3743 ἀγωνίσματος.
988 3659 1136 3744 ἐφυμνίωι
1170 3659 1202 3725 δέ
1234 3685 1324 3727 κατε-

175 3769 294 3852 χρῶντο
325 3764 450 3830 τούτωι·
480 3767 608 3850 τήνελλα
639 3767 798 3832 καλλίνικε.
855 3789 939 3856 qnae
975 3767 1047 3837 sine
1082 3769 1182 3839 dnbio
1212 3771 1322 3840 omnia

176 3872 405 3942 Aristarchoa'
425 3873 565 3960 saner).

251 4051 297 4116 83)
317 4064 350 4103 nc
370 4049 467 4117 longus
481 4050 540 4118 sim,
558 4065 604 4106 eos
622 4051 669 4122 qui
684 4057 748 4107 ente
761 4067 803 4106 me
820 4051 853 4106 de
866 4052 965 4123 hymno
979 4059 1093 4122 egerunt
1104 4052 1218 4124 Syhelus
1228 4053 1322 4113 Herm.

177 4140 200 4193 V
216 4143 281 4208 192,
302 4141 434 4196 Lehrsius
448 4141 481 4196 de
495 4143 579 4197 schol.
595 4143 672 4200 Pind.
683 4145 708 4200 5.
720 4161 765 4214 sq,
785 4143 885 4214 Bergk.
899 4147 927 4200 in
941 4145 998 4214 ed,
1017 4147 1096 4202 Horn
1115 4147 1149 4202 de
1164 4148 1321 4204 Aristarchi

173 4233 245 4289 stud.
264 4234 342 4289 Pind.
354 4233 457 4306 Gryph.
471 4237 578 4306 eapse
598 4238 626 4292 in
646 4239 713 4294 meis
733 4239 912 4308 explicandis,
932 4241 986 4296 nisi
1004 4240 1051 4296 uhi
1076 4241 1262 4297 necessarium
1280 4250 1323 4299 est

172 4341 226 4380 non
246 4341 320 4382 euro.

192 4499 194 4510 Ι
249 4420 295 4489 34)
312 4421 348 4476 iis
375 4436 444 4490 quae
464 4421 578 4492 Sybelus
598 4422 691 4481 Herm.
704 4427 726 4480 V
739 4427 831 4498 193sq
856 4427 973 4497 protulit
999 4412 1143 4484 adverbii
1160 4436 1253 4491 κοινῶς
1280 4431 1321 4488 δυ·

174 4517 281 4585 νόμενον
301 4518 355 4570 κτλ.
376 4515 539 4573 Aristarcho
559 4518 741 4576 abiudicanda
766 4522 886 4579 Hornius
906 4525 969 4593 ρ39
979 4539 1006 4579 n.
1017 4526 1052 4581 63
1071 4525 1131 4582 iure
1146 4523 1316 4584 adversetur.
