3094 5002
734 311 776 380 05

193 484 275 554 bula
297 486 438 574 quadam
462 487 678 576 coniungitur
701 489 829 574 πίθηκος
851 489 907 558 89ο
920 489 960 556 91
985 488 1077 557 cuius
1100 512 1219 558 nomen
1234 492 1336 560 antea

191 615 260 659 non
297 593 435 680 legitur.
490 595 556 661 alio
593 595 665 663 loco
694 594 918 664 Archilochus
957 596 1136 664 secundum
1163 596 1332 684 Margitae

185 701 375 788 exemplum
397 703 495 789 ἐχῖνον
518 702 613 791 vulpi
636 702 794 791 opposuit
822 702 895 770 118.
940 724 1020 770 aves
1043 704 1190 772 Homero
1229 707 1331 772 notae

191 813 277 876 sunt
305 817 435 897 κορῶναι
475 813 546 878 ε66
587 804 670 899 duas
703 811 924 878 Archilochus
951 810 1176 880 19ι109υοτ,
1193 833 1333 879 comme·

190 921 313 986 morat.
357 926 539 1008 praeterea
567 922 663 994 αἰετός
701 943 766 1009 quo
798 920 969 990 Archssdc
1003 920 1039 987 in
1069 921 1186 988 fabula
1218 921 1331 989 utitur

185 1024 292 1094 Pace
315 1033 428 1113 extat3
462 1029 652 1118 aquilarum
674 1053 778 1117 genus
810 1029 976 1117 quoddam
1005 1029 1150 1115 πύγαργοι
1168 1029 1231 1096 189
1260 1029 1329 1117 pri-

185 1159 277 1203 mum
297 1137 480 1206 invenitur.
527 1147 566 1206 ut
589 1140 670 1207 hacc
692 1140 766 1207 avis
789 1163 830 1206 ne
853 1138 983 1225 κηρύλος
1009 1137 1142 1226 quidem
1170 1137 1255 1203 mea
1271 1137 1328 1204 Cr.
1372 1128 1375 1134 ’

186 1244 223 1311 in
263 1247 357 1335 epioe
393 1248 487 1336 poesi
524 1251 631 1317 extat.
686 1248 907 1316 timiditatem
942 1247 1044 1313 Arch.
1069 1247 1132 1313 106
1176 1230 1331 1334 depingit

183 1357 380 1421 πτώσσουσαν
403 1361 480 1422 ῶστε
503 1359 636 1444 πέρδικα,
669 1380 754 1446 quac
777 1357 886 1444 imago
920 1355 1077 1443 diligenti
1100 1355 1332 1424 observationi

186 1463 303 1530 deberi
338 1465 484 1534 videtur.
541 1467 649 1554 pisces
688 1466 746 1554 qui
784 1465 1002 1535 inveniuntur
1039 1466 1173 1552 δελφῖνες
1207 1465 1262 1535 74η
1294 1443 1330 1532 ci

183 1574 325 1661 ἐγχέλυες
343 1575 404 1642 101
440 1576 543 1644 etiam
568 1577 735 1644 Homerus
771 1575 868 1644 novit
901 1573 1214 1658 (1³22‚<l)203353.
1286 1573 1329 1639 ci·

184 1681 267 1748 cada
298 1683 465 1751 Homerus
499 1684 601 1752 semel
644 1682 904 1771 comparationis
944 1703 1044 1749 causa
1076 1681 1187 1749 utitur
1221 1665 1326 1750 clai

183 1789 329 1876 ἀγορηταὶ
356 1791 463 1857 ἐσθλοὶ
492 1793 654 1876 τεττίγεσσι
681 1793 810 1864 ἐοικότες
834 1789 864 1855 οἵ
883 1815 915 1855 τε
937 1794 1010 1856 καθ’
1034 1790 1105 1876 ὕλην
1130 1790 1328 1877 δενδρέων

186 1899 431 1985 ἐφεζόμενοι
466 1891 524 1966 dno
547 1903 730 1988 λειριόεσσαν
756 1903 855 1965 isium:
891 1898 1059 1988 Hesiodus
1082 1898 1119 1965 Ο.
1144 1897 1218 1980 582,
1248 1918 1328 1984 quc·

187 2007 282 2075 modo
325 2008 454 2076 strido-r
498 2008 667 2078 efficiatur
701 2008 839 2097 exponit
878 2007 975 2095 ἠχέτα
1008 2006 1098 2077 τέττιξ
1137 2004 1328 2090 δενδρέων

183 2114 427 2200 ἐφεζόμενος
459 2115 580 2202 λιγυρὴν
613 2115 783 2203 κατεχεόετ’
814 2115 920 2200 ἀοιδὴν
943 2112 1050 2179 πυκνόν
1075 2111 1130 2176 ὑπὸ
1154 2114 1326 2200 πτερόγωντ

182 2220 283 2289 aliam
318 2222 388 2290 eius
423 2228 567 2291 naturae
600 2224 734 2312 partem
763 2223 986 2290 Archilochus
1012 2220 1074 2288 143
1106 2221 1251 2302 indicat,
1285 2222 1325 2285 ut

185 2331 325 2398 Luciani
356 2333 469 2401 verbis
503 2337 602 2416 utar,
641 2332 769 2406 εἰκάζων
802 2331 905 2398 ἑαυτὸν
936 2339 991 2396 τῶι
1019 2331 1125 2414 τέττιγι
1154 2330 1242 2416 φύσει
1274 2329 1325 2414 μὲν

181 2440 277 2506 λάλων
300 2434 360 2507 ’όντι
383 2440 434 2507 καὶ
458 2441 527 2506 ἄνευ
550 2441 627 2514 τινὸς
650 2441 791 2528 ἀνάγκης,
816 2443 926 2506 ὁπόταν
950 2439 982 2506 δὲ
1005 2445 1056 2504 τοῦ
1079 2443 1187 2525 πτεροῦ
1206 2440 1325 2526 ληφὶλῆι

183 2551 380 2637 γεγωνότερον
406 2553 522 2638 βοῶντι.
590 2551 680 2637 apud
696 2549 934 2615 Archilochum
951 2548 1073 2632 σάλπιγξ
1089 2546 1157 2613 fuit
1174 2547 1323 2633 στρόμβον

180 2680 299 2724 nomen
322 2659 400 2725 192:
435 2657 471 2724 in
502 2658 563 2725 hoc
592 2657 724 2724 nomine
756 2651 952 2744 explicando
987 2655 1186 2722 adiuvamur
1219 2653 1321 2722 schol.

180 2764 348 2853 Lycophr.
365 2767 446 2834 250:
470 2765 526 2852 πρὸ
549 2771 600 2830 τοῦ
624 2766 785 2852 εὑρεθῆναι
807 2765 860 2850 τὴν
883 2764 1032 2849 σάλπιγγα
1054 2763 1162 2828 τούτωι
1184 2761 1241 2848 (sc.
1266 2768 1322 2830 τῶι

181 2874 345 2961 στρόμβωι)
379 2877 406 2939 οἱ
435 2873 558 2939 παλαιοὶ
587 2875 617 2939 ἐν
650 2880 705 2938 τῶι
739 2875 876 2959 πολέμωι
908 2876 1049 2961 ἐχρῶντο.
1101 2871 1137 2936 in
1170 2870 1319 2940 Homero

181 2983 303 3067 σάλπιγξ
326 3006 394 3049 non
413 2983 480 3050 nisi
503 2983 605 3050 2219
629 2983 664 3049 in
691 2983 941 3072 comparatione
971 2981 1120 3071 (eulalio
1152 2979 1192 3045 dc
1228 2979 1321 3052 caelo

175 3095 317 3160 tonante
340 3091 464 3179 Φ388)
488 3096 595 3176 extat,
631 3117 694 3181 quo
719 3093 790 3160 loco
813 3095 916 3161 tubae
940 3116 1020 3160 sono
1042 3089 1138 3159 urbis
1162 3090 1322 3159 obsessae

172 3197 301 3267 incolae
325 3200 586 3268 conclamantur.
658 3204 789 3267 certum
821 3201 1021 3267 concharum
1043 3223 1148 3287 genus
1172 3201 1318 3290 χηράμβη

177 3308 266 3396 apud
289 3308 528 3376 Archilochum
551 3308 694 3397 primum
720 3310 782 3375 198
805 3309 988 3376 invenitur.

265 3419 467 3486 Plantarum
497 3441 582 3518 quae
612 3419 647 3485 in
669 3418 872 3486 Archilocho
906 3419 1050 3506 legimus
1080 3420 1214 3487 nomina
1248 3419 1320 3508 plu-

177 3526 263 3594 rima
284 3550 374 3595 nova
397 3532 484 3596 sunt.
524 3529 630 3596 solum
653 3527 740 3595 enim
764 3530 901 3614 μήκωνος
918 3529 981 3594 108
1012 3552 1132 3595 nomen
1162 3552 1227 3595 uno
1251 3530 1320 3596 Ho-

174 3637 260 3704 meri
288 3637 361 3704 locc
386 3637 486 3704 8300
511 3642 615 3705 extat.
665 3637 706 3705 de
729 3659 809 3704 rosa
836 3637 916 3724 quid
939 3637 1151 3704 iudicandum
1174 3637 1230 3721 sit,
1255 3638 1319 3705 dif-

172 3746 260 3814 ficile
294 3750 347 3813 est
379 3746 487 3831 dictu;
521 3746 684 3834 siquidem
714 3746 788 3833 ipsa
811 3745 957 3812 Homero
992 3745 1111 3831 ignota
1140 3745 1246 3812 fuisse
1270 3746 1318 3813 vi·

176 3855 278 3922 detur
310 3855 367 3942 qui
400 3855 486 3920 nihil
516 3857 658 3942 praebet
686 3855 753 3920 nisi
783 3854 998 3940 ῥοδοδάκτυλος
1021 3857 1138 3922 πολιτην
1160 3854 1317 3922 Aurorae

176 3983 359 4050 cognomen
388 3966 422 4029 et
452 3985 517 4030 unc
547 3962 619 4031 loco
646 3963 675 4025 Ψ
691 3963 753 4028 186
785 3963 916 4048 ’ροδόεντι
947 3960 979 4026 δέ
1010 3965 1093 4049 χρῖεν
1121 3962 1226 4025 ἐλαίωι
1258 3964 1319 4046 ἀμ-

171 4071 304 4158 βροσίωι,
329 4071 370 4139 de
391 4072 535 4140 Veneris
561 4072 691 4139 scilicet
714 4072 796 4139 oleo.
843 4071 930 4139 unde
953 4075 1046 4138 recte
1064 4071 1104 4139 V.
1121 4070 1221 4137 Hehn
1237 4070 1317 4134 Kol-

169 4168 372 4264 turpslfi200
404 4180 607 4250 conclusisse
630 4181 766 4248 videtur
789 4205 902 4248 rosam
924 4185 997 4248 tum
1017 4172 1169 4268 ignotam
1199 4179 1316 4268 fuisse,

171 4290 277 4356 solam
309 4289 432 4355 famam
465 4290 535 4356 eius
570 4291 613 4358 ad
636 4289 843 4358 Graecorum
875 4312 974 4356 aures
1004 4287 1217 4379 pervenisse,
1251 4286 1317 4354 nisi

167 4395 260 4464 forte
283 4394 397 4462 Rhodi
427 4395 557 4464 insulae
589 4418 709 4463 nomen
737 4395 1006 4464 vetustissimum
1038 4394 1069 4462 ei
1101 4393 1315 4462 contradicit.

174 4502 356 4575 secundum
393 4503 608 4593 ῥοδοδάκτυλος
644 4505 787 4573 nominis
820 4503 1006 4594 exemplum
1038 4505 1069 4573 h.
1087 4505 1143 4574 31⁶
1175 4502 1316 4592 (cfHes.

1096 4613 1118 4683 5
