3094 5002
710 319 730 386 9
776 345 779 352 .

152 491 313 560 Αἰθιοπίαν
341 492 390 560 καί
414 492 534 580 Κύπρον
562 494 656 568 οὕτως
690 493 833 574 ἐκάλουν,
864 492 950 562 Plim
964 517 995 562 n.
1008 492 1039 561 h.
1052 492 1105 562 IV
1117 491 1175 560 73:
1214 489 1294 558 Tlo-

149 624 200 669 soa
224 654 231 668 .
257 655 263 669 .
290 654 297 669 .
320 604 393 670 clim
420 605 523 668 Aeria
543 605 592 670 ccl
615 603 752 670 Auara
773 605 869 670 dictu.
915 623 1038 670 revera
1070 605 1183 671 autem
1209 602 1295 669 hanc

151 711 339 780 doctrinam
353 735 395 780 ex
409 713 544 780 oraculo
559 716 668 780 ortam
684 735 758 780 esse
774 711 872 779 docet
889 709 1005 799 Steph.
1020 711 1058 778 B.
1074 734 1098 778 a.
1110 710 1227 784 ’Θάσοςε
1253 701 1297 776 ότι

152 820 201 886 καί
217 819 348 908 Ἀερίαὴ
371 822 469 895 Θάσος
491 825 583 907 δῆλον
603 824 637 886 ἐκ
657 827 709 886 τοῦ
731 826 871 908 χρησμοῦ
894 826 945 886 τοῦ
970 822 1109 894 δοθέντος
1132 827 1187 886 τῶι
1209 820 1297 908 πατρί

150 935 202 994 τοῦ
220 926 410 1018 Ἀρχιλόχου·
435 930 571 1014 ἄγγειλον
599 930 777 1016 Παρίοις-
797 929 882 1010 άοτυ.
917 929 1004 996 idem
1027 928 1167 1018 respicit
1190 930 1296 998 Oeno-

146 1061 246 1106 maus
269 1039 327 1104 l.l.
363 1037 535 1126 Ἀρχιλόχου
566 1039 750 1125 φράσαντος,
787 1030 832 1103 ότι
863 1041 883 1124 ἡ
916 1045 1005 1123 νῆσος
1036 1038 1110 1124 αὕτη
1135 1037 1295 1125 (Thasos)

151 1147 217 1234 πρὶν
240 1143 348 1234 ’Περία
371 1151 515 1213 ἐκαλεῖτο.
538 1148 668 1216 accedit
683 1147 772 1236 quod
788 1147 960 1216 oraculum
973 1147 1149 1216 Teleaiclia
1165 1147 1297 1215 nomine

147 1255 363 1326 coniunctum
393 1261 448 1324 est
475 1280 543 1328 non
574 1257 681 1324 solum
714 1278 787 1322 cum
817 1254 887 1322 illis
919 1255 959 1322 de
984 1255 1135 1322 Calonda
1157 1253 1296 1322 traditis

148 1388 237 1452 onae
271 1365 356 1432 satis
386 1369 524 1432 uetusta
557 1387 630 1432 ease
661 1369 764 1433 antea
800 1363 958 1446 vidimus,
995 1365 1054 1432 aed
1088 1363 1189 1432 etiam
1224 1388 1298 1432 cnm

150 1474 312 1540 memoria
340 1474 402 1540 illa
425 1474 551 1542 Thasia
574 1494 594 1542 a
614 1473 809 1560 Polygnoto
842 1471 995 1540 adhibita
1023 1472 1059 1539 in
1088 1494 1154 1560 qua
1175 1472 1297 1540 Archi-

85 1639 87 1644 .
152 1581 241 1650 lochi
273 1607 420 1670 proauus
454 1582 557 1657 Τέλλις
592 1588 666 1668 cat;
703 1582 824 1671 proavi
857 1605 976 1650 nomen
1010 1582 1120 1671 patris
1155 1583 1296 1650 nominis

152 1693 380 1780 compendium
408 1701 470 1762 ost.
590 1695 625 1760 in
648 1692 783 1760 oraculo
807 1691 914 1779 igitur
937 1692 1010 1780 ipsc
1037 1691 1154 1758 ineunt
1177 1691 1296 1780 quihus

150 1802 340 1871 auctoritas
379 1803 449 1872 eius
489 1805 741 1892 comprobatum
781 1803 823 1868 ab
858 1799 1055 1868 Archilochi
1095 1799 1296 1886 fragmentis

147 1911 348 2000 -Critiaeque
370 1913 565 1982 testimonio
589 1933 655 1978 non
673 1911 836 1979 abhorret
852 1911 911 1978 scd
927 1933 1026 1998 quam
1042 1914 1157 1998 potest
1173 1909 1299 1997 optime

148 2041 226 2088 oum
255 2020 297 2088 iis
329 2021 513 2106 consentia
547 2021 636 2109 quod
665 2043 730 2108 qno
759 2022 960 2106 argumento
988 2018 1201 2106 improbetur
1231 2039 1298 2084 non

152 2127 264 2196 video:
288 2150 397 2200 nonne
419 2129 454 2198 id
477 2129 586 2219 ipsum
609 2151 682 2196 ease
705 2130 821 2218 potest
844 2127 932 2218 quod
946 2125 1059 2198 Pariis
1079 2127 1120 2195 ab
1136 2125 1302 2223 Apolline¹

152 2235 369 2306 detumeat?

238 2348 402 2416 Fortasse
425 2348 527 2416 etiem
551 2349 664 2416 altera
686 2348 812 2418 fabella
834 2350 1042 2416 narrabatur
1070 2368 1154 2436 quae
1176 2346 1297 2414 Archi·

152 2457 283 2524 lochum
298 2457 407 2544 ipsum
422 2458 571 2526 coloniae
586 2458 703 2524 ducem
720 2457 858 2539 faceret,
877 2479 1075 2545 quamquam
1091 2461 1185 2524 certo
1199 2458 1240 2524 de
1258 2481 1297 2524 ea

152 2565 295 2637 iudicari
307 2589 373 2632 uon
387 2569 513 2652 potest.
537 2566 627 2632 alter
640 2565 916 2634 narratiunculae
929 2565 1029 2632 test-is
1043 2569 1099 2632 eat
1110 2565 1297 2633 Oenomaus

154 2674 212 2762 qui
234 2673 370 2740 oraculo
390 2673 577 2740 Teleaicleo
601 2677 742 2740 narrato
766 2674 848 2740 haec
869 2673 911 2740 de
935 2696 994 2740 suo
1016 2674 1130 2742 addit:
1154 2675 1180 2738 εί
1205 2674 1244 2760 μὴ
1263 2673 1297 2738 σὺ

126 2786 281 2867 ’μηνῦσαι
304 2781 397 2847 odedi
423 2780 594 2866 (Talesicli
620 2781 680 2867 sc.)
710 2783 898 2868 ἐβουλήθης,
930 2783 985 2846 οὐκ
1006 2781 1040 2848 άν
1067 2807 1139 2847 ποτε
1161 2775 1298 2867 ἤγγειλεν

151 2891 213 2962 οὐδ’
240 2892 274 2958 ἂν
297 2890 467 2977 Ἀρχίλοχος
493 2893 513 2954 ιά
544 2888 607 2962 υίὸς
639 2890 730 2957 αὐτοῦ
754 2890 883 2976 Παρίους
913 2890 1088 2976 ἐξενάγησεν
1119 2891 1182 2956 οὐδ’
1208 2893 1243 2958 tu
1270 2895 1298 2958 οί

151 2999 259 3086 Πάριοι
275 2998 374 3064 Θάσον
388 3002 540 3085 όνινηοανε
566 3021 651 3088 quae
673 3003 713 3066 ut
736 3001 778 3067 ab
798 3001 935 3069 oraculo
951 3000 1048 3068 modo
1064 3000 1170 3068 allato
1187 3000 1299 3070 aliena

150 3129 217 3178 non
235 3109 286 3178 ita
300 3130 441 3195 magnae
456 3108 617 3178 videntur
633 3107 862 3180 auctoritatis.
896 3109 1045 3179 alterum
1067 3109 1298 3178 testimonium

151 3215 247 3285 utin
269 3215 463 3285 coniectura
485 3217 634 3305 positum
662 3217 768 3288 otiam
798 3218 962 3289 incertius
991 3218 1228 3286 inveniebatur
1262 3219 1298 3286 in

150 3324 266 3394 codem
278 3324 440 3394 Oenomai
460 3325 631 3416 opusculo.
676 3345 753 3394 nam
776 3349 829 3416 ap.
841 3328 921 3398 Eua.
935 3350 986 3416 pr.
1001 3350 1051 3394 eu.
1065 3327 1097 3396 V
1110 3327 1150 3394 31
1168 3327 1297 3414 legitur

149 3429 299 3519 Ἀντιόχου
330 3432 405 3518 (sic)
429 3438 483 3498 τῶι
509 3433 628 3520 Παρίωι
660 3435 840 3521 ἀποβαλόντι
870 3435 922 3520 τὴν
953 3435 1058 3502 οὐσίαν
1090 3437 1120 3500 ἐν
1150 3439 1298 3523 πολιαιιιῇι

150 3540 293 3625 ιρλυαρίαι
314 3539 364 3606 καί
389 3539 445 3606 ὑπὸ
468 3541 563 3625 λύπης
586 3544 687 3626 ἥκοντι
707 3543 781 3627 πρός
805 3567 838 3605 οε
861 3543 973 3626 λέγειν·

237 3643 359 3735 Ἀντίοχ’
384 3649 414 3725 ἐς
439 3647 537 3718 Θάσον
561 3646 632 3715 ἐλθὲ
655 3647 705 3712 καί
723 3645 802 3733 ,οἴκει
825 3651 932 3718 εὐκλέα
953 3657 1045 3736 νῆσον

147 3753 205 3828 ubi
221 3754 416 3828 Archilochi
434 3776 554 3824 nomen
569 3755 755 3824 Holstenus
772 3757 987 3826 restituebat
1034 3779 1239 3845 aequavero
1256 3782 1294 3826 oo

150 3862 285 3938 oraculo
303 3863 466 3937 colonen
482 3864 708 3938 deducendam
723 3865 833 3944 iuberi
848 3887 983 3935 necesse
995 3871 1052 3934 eat
1067 3865 1233 3954 intellegi.
1257 3871 1296 3936 ut

148 3973 261 4037 tamen
284 3971 500 4040 concedamus
523 3972 669 4040 alteram
692 3975 811 4039 extare
834 3973 1042 4055 memoriam,
1067 3994 1140 4040 eam
1163 3974 1295 4041 omnino

147 4078 231 4145 nihil
265 4079 381 4146 valere
419 4102 461 4146 ex
493 4079 690 4147 Archilochi
731 4082 766 4147 et
801 4078 930 4146 Critiae
969 4078 1174 4147 testimoniis
1209 4080 1294 4147 satis

145 4192 308 4284 apparet,
343 4186 548 4283 praesertim
579 4210 652 4254 cum
685 4187 865 4254 secundum
889 4188 1075 4256 Semonidia
1110 4189 1296 4278 exemplum

146 4295 276 4384 (Steph.
293 4296 333 4362 B.
351 4320 375 4364 s.
392 4295 532 4384 Ἀροργός
545 4295 669 4380 §uidae
687 4321 713 4362 a.
731 4295 912 4384 Σιμωνίδης)
932 4297 1016 4364 ficta
1037 4319 1110 4364 esse
1125 4296 1294 4366 videatur.

232 4391 359 4479 Restat
379 4404 472 4476 aliud
490 4405 662 4479 oraculum
683 4399 719 4472 in
733 4405 796 4474 ΑΡ
812 4406 899 4475 XIV
914 4406 976 4474 113
999 4395 1174 4476 servatum
1196 4431 1295 4496 χρηο·

143 4510 198 4600 μάς
221 4511 267 4577 ἐπ’
291 4511 468 4602 Ἀρχιλόχωι
490 4511 610 4603 λεχθείς
635 4512 751 4604 Πυθίης
774 4513 862 4606 ὑπ<ά>
887 4515 1003 4603 ὀμφῆς·
