3094 5002
666 333 709 400 77

121 507 210 576 inter
245 532 281 577 se
315 507 564 596 coniunguntur
606 509 687 596 ὕβρις
721 513 756 576 et
791 509 857 594 δίκη
894 509 981 578 sicut
1020 511 1109 599 apud
1142 509 1263 578 Archi-

119 617 305 685 lechum88

291 747 325 813 σὺ
350 750 377 814 δ’
399 749 460 837 ἔργ’
485 749 532 814 ἐπ’
556 750 725 836 ἀνθρώπων
748 751 830 836 ὕρᾶις

249 856 369 952 λεωργοί
390 857 439 922 καί
465 858 600 944 δεμιστοί,
626 858 673 924 σοί
696 858 728 924 δὲ
751 860 867 946 θηρίων

289 969 402 1056 ὕβρις
425 993 464 1033 τε
487 967 552 1032 καί
575 969 663 1056 δίκη
689 969 779 1055 μέλει.
1199 1051 1201 1054 ¹

119 1077 177 1145 sed
198 1078 281 1145 haec
304 1077 522 1166 congregatio
546 1078 715 1146 naturalis
745 1083 814 1146 est:
847 1082 886 1147 ut
917 1079 1019 1146 etiam
1046 1080 1186 1168 propius
1218 1079 1261 1147 ad

115 1187 355 1254 Archilochum
371 1188 534 1256 accedunt
548 1190 653 1257 verba
667 1189 746 1257 Hes.
760 1188 797 1256 Ο.
811 1189 875 1256 238
888 1211 927 1276 sq
950 1187 993 1262 οἷς
1018 1189 1043 1253 δ’
1056 1189 1137 1276 ὕβρις
1157 1215 1189 1253 τε
1207 1191 1261 1276 με’-

116 1301 191 1384 μγλε
214 1297 291 1384 κακὴ
314 1296 366 1364 καί
388 1298 509 1386 σγέτλια
532 1297 615 1386 ἔργα,
639 1301 700 1373 τοῖς
725 1297 757 1362 δὲ
781 1299 865 1385 δίκην
889 1295 1037 1385 Κρονίδης
1061 1300 1259 1385 τεκμαίρεται,

118 1408 152 1473 cf
163 1406 387 1495 Theogn292
411 1408 493 1495 ὕβρις
516 1410 664 1494 νικήσασα
687 1409 781 1494 δίκην.
850 1407 909 1475 sed
932 1408 1116 1475 Hesiodum
1138 1409 1258 1476 Archi·

18 1553 19 1562 ι
113 1516 209 1584 locho
233 1523 349 1585 notum
372 1517 478 1585 fuisse
502 1517 531 1584 si
553 1541 620 1584 non
642 1520 878 1607 comprobetur
895 1518 955 1585 illo
972 1518 1064 1586 vocis
1081 1518 1256 1606 quaesitae

113 1629 273 1713 λυσιμελής
296 1651 368 1712 usu,
391 1631 505 1695 temen
528 1627 712 1696 verisimile
735 1634 789 1695 est
813 1631 848 1695 et
870 1651 932 1716 per
956 1651 991 1695 se
1015 1613 1051 1695 et
1070 1627 1256 1696 Semonidis

114 1736 317 1804 Archilocho
351 1736 409 1805 vix
446 1736 647 1805 recentioris
678 1735 868 1806 imitatione
902 1737 1046 1826 exempli
1079 1737 1255 1806 Hesiodei:

116 1846 173 1933 qui
196 1870 223 1914 e.
241 1870 274 1934 g.
296 1847 480 1915 Hesiodum
497 1847 534 1914 Ο.
550 1847 614 1915 702

242 1953 276 2020 οὕ
301 1954 353 2040 μὲν
376 1948 432 2041 γοίρ
455 1981 482 2021 τι
504 1955 642 2041 γυναικὸς
666 1955 741 2044 ἀνὴρ
764 1957 876 2043 ληίζετ’
901 1956 1019 2043 οίμεινον

241 2073 294 2150 τῆς
318 2066 446 2152 ἀγαθῆς,
470 2073 522 2153 τῆς
547 2067 572 2130 δ’
582 2065 653 2130 αὕτε
674 2074 770 2153 κακῆς
793 2068 827 2131 οὕ
852 2067 943 2153 ῥίγιον
967 2067 1041 2132 ἄλλο

113 2174 162 2241 his
186 2174 342 2243 versibus
367 2175 520 2244 imitatus
544 2180 598 2244 est
620 2177 690 2243 fre

285 2285 423 2371 γυναικὸς
445 2285 532 2351 οὐδὲν
554 2286 649 2374 χρῆμ’
673 2285 748 2372 ἀνὴρ
771 2287 906 2373 ληίζεται
973 2285 975 2290 ’

285 2397 397 2483 ἐσθλῆς
422 2396 541 2482 οίμεινον
565 2395 634 2460 οὐδὲ
658 2396 749 2484 ῥίγιον
772 2405 874 2484 κακῆς.

194 2729 292 2798 Inter
315 2754 371 2799 eas
404 2755 512 2818 τοοοε,
545 2754 630 2821 quae
660 2732 748 2821 apud
771 2732 1011 2800 Archilochum
1041 2733 1185 2821 primum
1211 2733 1257 2799 le-

105 2844 243 2927 guntur,
262 2841 371 2929 primo
391 2843 463 2910 loco
485 2843 637 2932 ponimus
660 2865 726 2928 eas,
750 2865 835 2930 quae
847 2842 981 2910 Ionicae
1005 2841 1142 2910 dialecti
1166 2846 1254 2908 sunt.

194 2951 376 3037 διαπλίισω]
417 2949 518 3019 Arch.
536 2954 590 3022 581
631 2952 748 3020 ducem
793 2953 957 3040 quendam
1001 2956 1101 3020 vocat
1149 2955 1255 3017 διαπε-

107 3061 266 3146 πλιγμένον
283 3064 492 3147 [διαπεπλεγμ.
510 3062 606 3130 DioI
622 3063 686 3129 302
696 3064 738 3145 A,
764 3065 945 3150 διαπεπηγμ.
965 3062 1074 3129 Galen
1089 3065 1114 3129 ὕ.
1132 3061 1257 3130 XVIII

108 3171 188 3237 605:
219 3193 306 3238 corr.
324 3172 471 3255 Hemst]
494 3171 515 3238 i.
529 3195 555 3238 e.
580 3170 744 3240 hominem
768 3171 836 3259 εὐρὺ
857 3173 1015 3261 βεβηκότα,
1041 3171 1083 3239 ad
1106 3193 1253 3260 pugnam

107 3285 277 3371 paratum.
332 3279 474 3348 similem
506 3278 635 3366 passivi
666 3279 836 3348 notionem
870 3281 1012 3368 praebet
1046 3279 1193 3366 Hesych.
1227 3302 1252 3346 s,

107 3392 332 3480 διαπεπλίχδαι·
351 3388 535 3476 διηλλάχθαι
551 3387 587 3454 τοί
599 3389 700 3475 σκέλη,
720 3388 769 3455 καί
788 3391 972 3477 ἀντιβαίνειν,
996 3390 1032 3455 cf
1036 3388 1251 3458 Eust1564⁵³

108 3501 340 3590 διαπεπλίχῦαι·
373 3498 405 3564 τὸ
429 3499 614 3586 περιπλέκειν
637 3497 705 3572 τοὺς
728 3502 831 3571 πῦδας.
878 3499 993 3567 activa
1015 3498 1113 3566 verbi
1127 3498 1252 3586 positio

104 3612 278 3680 invenitur
302 3611 462 3699 Hippocr.
486 3636 516 3676 π.
540 3597 602 3693 γον.
619 3608 843 3691 11‚V111378
865 3609 1014 3696 (femina)
1038 3610 1252 3695 ἀμφικαῦεζο-

105 3721 178 3809 μένη
202 3721 252 3787 καί
276 3720 453 3792 διαπλίξασα
478 3717 699 3804 δομιήσίλωῧί).
745 3718 900 3806 ib.p346
931 3718 963 3783 τὸ
997 3719 1093 3804 στόμα
1116 3719 1250 3804 εὑρήσεις

104 3833 307 3919 διαπεπλιχῦς,
333 3831 368 3897 ef
383 3829 530 3915 Hesyoh.
556 3830 777 3914 διαπεπλιχώς·
809 3830 941 3911 διεστὼς,
973 3830 1117 3914 κεχηνώς.
1164 3827 1252 3894 idem

125 3942 297 4028 ιαπέπλιχε·
315 3941 503 4026 διαβέβηκε.
535 3939 686 4024 πλίγματα
702 3936 759 4024 γοίρ
778 3940 907 4025 βήματα.
954 3937 1056 4005 etiam
1079 3937 1250 4024 passivam

107 3945 122 4006 δ

107 4051 250 4119 formam
280 4048 417 4116 medicis
451 4047 615 4115 usitatam
643 4047 749 4115 fuisse
782 4047 879 4114 docet
910 4047 1028 4114 Galen.
1054 4046 1119 4114 lex.
1146 4045 1247 4133 Hipp.

108 4160 357 4246 διαπεπλιγμένα·
385 4156 422 4223 τὰ
444 4156 493 4222 ἐπὶ
515 4156 589 4222 πολὺ
613 4154 690 4222 κατοί
712 4158 764 4243 τὴν
789 4157 922 4245 πλιχάδα
946 4159 1107 4221 διεστῶτα·
1139 4152 1248 4242 πλιχοίς

110 4270 143 4336 δὲ
165 4269 199 4335 τὸ
224 4269 331 4357 μεταξὺ
354 4274 413 4334 τῶν
437 4271 550 4333 σκελῶν
574 4275 627 4355 τῆς
649 4267 814 4355 ἐκφύσεως.

109 4461 317 4474 m-

45 4549 50 4558 ·
168 4594 215 4664 37)
245 4589 289 4648 eiu
304 4587 423 4661 optimus
443 4586 510 4645 cod..
522 4587 604 4646 vind.
622 4583 659 4645 0:
678 4586 830 4664 ἀμφικαδεζ.
849 4585 1006 4652 κατειλίξοισα
1025 4585 1116 4663 ἑαυτὴν
1130 4585 1198 4662 δεμ.
1209 4603 1265 4658 nge
