<?xml version="1.0" encoding="UTF-8"?>
<!DOCTYPE html PUBLIC "-//W3C//DTD XHTML 1.0 Transitional//EN"
    "http://www.w3.org/TR/xhtml1/DTD/xhtml1-transitional.dtd">
<html xmlns="http://www.w3.org/1999/xhtml" xml:lang="en" lang="en">
 <head>
  <title>
</title>
<meta http-equiv="Content-Type" content="text/html;charset=utf-8" />
  <meta name='ocr-system' content='tesseract 3.04.00' />
  <meta name='ocr-capabilities' content='ocr_page ocr_carea ocr_par ocr_line ocrx_word'/>
</head>
<body>
  <div class='ocr_page' id='page_1' title='image "./qvaestionesarch00bahngoog_0117.png"; bbox 0 0 3094 5002; ppageno 0'>
   <div class='ocr_carea' id='block_1_1' title="bbox 685 1537 810 1604">
    <p class='ocr_par' dir='ltr' id='par_1_1' title="bbox 685 1537 810 1604">
     <span class='ocr_line' id='line_1_1' title="bbox 685 1537 810 1604; baseline 0 0"><span class='ocrx_word' id='word_1_1' title='bbox 685 1537 810 1604; x_wconf 77' lang='lat' dir='ltr'><strong>VITA.</strong></span> 
     </span>
    </p>
   </div>
   <div class='ocr_carea' id='block_1_2' title="bbox 172 1776 1392 4160">
    <p class='ocr_par' dir='ltr' id='par_1_2' title="bbox 176 1776 1392 2519">
     <span class='ocr_line' id='line_1_2' title="bbox 263 1776 1392 1864; baseline 0.001 -21"><span class='ocrx_word' id='word_1_2' title='bbox 263 1776 374 1843; x_wconf 84' lang='lat' dir='ltr'>Natus</span> <span class='ocrx_word' id='word_1_3' title='bbox 408 1799 480 1843; x_wconf 90' lang='lat' dir='ltr'>sum</span> <span class='ocrx_word' id='word_1_4' title='bbox 502 1776 579 1842; x_wconf 87' lang='lat' dir='ltr'>Vdo</span> <span class='ocrx_word' id='word_1_5' title='bbox 602 1776 749 1864; x_wconf 88' lang='lat' dir='ltr'>Bahntje</span> <span class='ocrx_word' id='word_1_6' title='bbox 776 1783 876 1864; x_wconf 88' lang='lat' dir='ltr'>patre</span> <span class='ocrx_word' id='word_1_7' title='bbox 899 1779 1092 1845; x_wconf 84' lang='lat' dir='ltr'>Hermanno</span> <span class='ocrx_word' id='word_1_8' title='bbox 1115 1782 1225 1846; x_wconf 85' lang='lat' dir='ltr'>matre</span> <span class='ocrx_word' id='word_1_9' title='bbox 1247 1777 1319 1844; x_wconf 86' lang='lat' dir='ltr'>Eli·</span> <span class='ocrx_word' id='word_1_10' title='bbox 1390 1821 1392 1824; x_wconf 94' lang='lat'>-</span> 
     </span>
     <span class='ocr_line' id='line_1_3' title="bbox 177 1886 1316 1974; baseline 0.002 -22"><span class='ocrx_word' id='word_1_11' title='bbox 177 1886 296 1954; x_wconf 88' lang='lat' dir='ltr'>sabeth</span> <span class='ocrx_word' id='word_1_12' title='bbox 320 1911 337 1954; x_wconf 91' lang='lat' dir='ltr'>e</span> <span class='ocrx_word' id='word_1_13' title='bbox 360 1892 462 1974; x_wconf 85' lang='lat' dir='ltr'>gente</span> <span class='ocrx_word' id='word_1_14' title='bbox 485 1887 658 1973; x_wconf 83' lang='lat' dir='ltr'>Luettgau</span> <span class='ocrx_word' id='word_1_15' title='bbox 681 1886 716 1952; x_wconf 94' lang='lat' dir='ltr'>in</span> <span class='ocrx_word' id='word_1_16' title='bbox 738 1887 812 1952; x_wconf 89' lang='lat' dir='ltr'>vioo</span> <span class='ocrx_word' id='word_1_17' title='bbox 828 1887 1069 1954; x_wconf 87' lang='lat' dir='ltr'>Brnnsvioensi</span> <span class='ocrx_word' id='word_1_18' title='bbox 1092 1887 1150 1974; x_wconf 88' lang='lat' dir='ltr'>qni</span> <span class='ocrx_word' id='word_1_19' title='bbox 1173 1896 1226 1956; x_wconf 88' lang='lat' dir='ltr'>est</span> <span class='ocrx_word' id='word_1_20' title='bbox 1241 1887 1316 1955; x_wconf 89' lang='lat' dir='ltr'>Bei-</span> 
     </span>
     <span class='ocr_line' id='line_1_4' title="bbox 177 1995 1316 2083; baseline 0.002 -21"><span class='ocrx_word' id='word_1_21' title='bbox 177 1995 301 2063; x_wconf 84' lang='lat' dir='ltr'>anrode</span> <span class='ocrx_word' id='word_1_22' title='bbox 324 2019 410 2063; x_wconf 91' lang='lat' dir='ltr'>anno</span> <span class='ocrx_word' id='word_1_23' title='bbox 434 1997 566 2062; x_wconf 87' lang='lat' dir='ltr'>LXXV</span> <span class='ocrx_word' id='word_1_24' title='bbox 588 1995 712 2062; x_wconf 84' lang='lat' dir='ltr'>mensis</span> <span class='ocrx_word' id='word_1_25' title='bbox 735 1995 869 2083; x_wconf 84' lang='lat' dir='ltr'><strong>Aprilis</strong></span> <span class='ocrx_word' id='word_1_26' title='bbox 893 1996 946 2063; x_wconf 89' lang='lat' dir='ltr'>die</span> <span class='ocrx_word' id='word_1_27' title='bbox 970 1997 1021 2080; x_wconf 89' lang='lat' dir='ltr'>X;</span> <span class='ocrx_word' id='word_1_28' title='bbox 1057 1997 1135 2063; x_wconf 91' lang='lat' dir='ltr'>fidei</span> <span class='ocrx_word' id='word_1_29' title='bbox 1162 1997 1316 2065; x_wconf 85' lang='lat' dir='ltr'>addictus</span> 
     </span>
     <span class='ocr_line' id='line_1_5' title="bbox 178 2088 1318 2199; baseline 0.001 -30"><span class='ocrx_word' id='word_1_30' title='bbox 178 2126 249 2169; x_wconf 88' lang='lat' dir='ltr'>sum</span> <span class='ocrx_word' id='word_1_31' title='bbox 273 2088 497 2191; x_wconf 57' lang='lat' dir='ltr'>euangelioae}</span> <span class='ocrx_word' id='word_1_32' title='bbox 530 2105 748 2199; x_wconf 78' lang='lat' dir='ltr'>fondamento</span> <span class='ocrx_word' id='word_1_33' title='bbox 776 2127 797 2169; x_wconf 90' lang='lat' dir='ltr'>a</span> <span class='ocrx_word' id='word_1_34' title='bbox 823 2107 924 2192; x_wconf 89' lang='lat' dir='ltr'>patre</span> <span class='ocrx_word' id='word_1_35' title='bbox 946 2104 1058 2192; x_wconf 90' lang='lat' dir='ltr'>posito</span> <span class='ocrx_word' id='word_1_36' title='bbox 1081 2105 1174 2170; x_wconf 89' lang='lat' dir='ltr'>nisus</span> <span class='ocrx_word' id='word_1_37' title='bbox 1198 2104 1275 2171; x_wconf 86' lang='lat' dir='ltr'>inde</span> <span class='ocrx_word' id='word_1_38' title='bbox 1298 2128 1318 2170; x_wconf 91' lang='lat' dir='ltr'>a</span> 
     </span>
     <span class='ocr_line' id='line_1_6' title="bbox 176 2213 1316 2300; baseline 0.001 -22"><span class='ocrx_word' id='word_1_39' title='bbox 176 2237 257 2280; x_wconf 89' lang='lat' dir='ltr'>vere</span> <span class='ocrx_word' id='word_1_40' title='bbox 287 2214 366 2280; x_wconf 90' lang='lat' dir='ltr'>anni</span> <span class='ocrx_word' id='word_1_41' title='bbox 398 2215 601 2282; x_wconf 88' lang='lat' dir='ltr'>LXXXVII</span> <span class='ocrx_word' id='word_1_42' title='bbox 623 2213 837 2300; x_wconf 84' lang='lat' dir='ltr'>Brunsvigae</span> <span class='ocrx_word' id='word_1_43' title='bbox 861 2213 1040 2300; x_wconf 82' lang='lat' dir='ltr'>Gymnasii</span> <span class='ocrx_word' id='word_1_44' title='bbox 1069 2213 1160 2280; x_wconf 87' lang='lat' dir='ltr'>Novi</span> <span class='ocrx_word' id='word_1_45' title='bbox 1191 2215 1316 2281; x_wconf 75' lang='lat' dir='ltr'><strong>classes</strong></span> 
     </span>
     <span class='ocr_line' id='line_1_7' title="bbox 176 2321 1318 2411; baseline -0.004 -19"><span class='ocrx_word' id='word_1_46' title='bbox 176 2324 332 2411; x_wconf 83' lang='lat' dir='ltr'>percurri</span> <span class='ocrx_word' id='word_1_47' title='bbox 354 2329 389 2391; x_wconf 90' lang='lat' dir='ltr'>et</span> <span class='ocrx_word' id='word_1_48' title='bbox 412 2324 556 2391; x_wconf 88' lang='lat' dir='ltr'>aliorum</span> <span class='ocrx_word' id='word_1_49' title='bbox 579 2323 793 2411; x_wconf 83' lang='lat' dir='ltr'>egregiorum</span> <span class='ocrx_word' id='word_1_50' title='bbox 819 2323 971 2390; x_wconf 86' lang='lat' dir='ltr'>virorum</span> <span class='ocrx_word' id='word_1_51' title='bbox 1001 2327 1036 2390; x_wconf 88' lang='lat' dir='ltr'>et</span> <span class='ocrx_word' id='word_1_52' title='bbox 1059 2321 1197 2390; x_wconf 86' lang='lat' dir='ltr'>Rudolfi</span> <span class='ocrx_word' id='word_1_53' title='bbox 1219 2322 1318 2390; x_wconf 87' lang='lat' dir='ltr'>Maok</span> 
     </span>
     <span class='ocr_line' id='line_1_8' title="bbox 176 2430 567 2519; baseline 0.003 -22"><span class='ocrx_word' id='word_1_54' title='bbox 176 2430 354 2519; x_wconf 79' lang='lat' dir='ltr'>disciplina</span> <span class='ocrx_word' id='word_1_55' title='bbox 376 2432 567 2500; x_wconf 84' lang='lat' dir='ltr'>institutas</span> 
     </span>
    </p>

    <p class='ocr_par' dir='ltr' id='par_1_3' title="bbox 172 2539 1364 4160">
     <span class='ocr_line' id='line_1_9' title="bbox 263 2539 1319 2610; baseline 0 -2"><span class='ocrx_word' id='word_1_56' title='bbox 263 2542 436 2608; x_wconf 79' lang='lat' dir='ltr'><strong>Autumno</strong></span> <span class='ocrx_word' id='word_1_57' title='bbox 468 2541 548 2608; x_wconf 90' lang='lat' dir='ltr'>anni</span> <span class='ocrx_word' id='word_1_58' title='bbox 577 2541 691 2610; x_wconf 81' lang='lat' dir='ltr'>XCIV</span> <span class='ocrx_word' id='word_1_59' title='bbox 721 2541 935 2609; x_wconf 74' lang='lat' dir='ltr'>maturitatis</span> <span class='ocrx_word' id='word_1_60' title='bbox 966 2539 1197 2608; x_wconf 86' lang='lat' dir='ltr'>testimonium</span> <span class='ocrx_word' id='word_1_61' title='bbox 1229 2562 1319 2608; x_wconf 88' lang='lat' dir='ltr'>asse·</span> 
     </span>
     <span class='ocr_line' id='line_1_10' title="bbox 176 2649 1326 2738; baseline -0.001 -21"><span class='ocrx_word' id='word_1_62' title='bbox 176 2658 273 2719; x_wconf 86' lang='lat' dir='ltr'>cutus</span> <span class='ocrx_word' id='word_1_63' title='bbox 298 2651 385 2718; x_wconf 80' lang='lat' dir='ltr'>hane</span> <span class='ocrx_word' id='word_1_64' title='bbox 406 2651 517 2719; x_wconf 87' lang='lat' dir='ltr'>sedem</span> <span class='ocrx_word' id='word_1_65' title='bbox 540 2651 737 2718; x_wconf 85' lang='lat' dir='ltr'>litterarum</span> <span class='ocrx_word' id='word_1_66' title='bbox 759 2649 845 2734; x_wconf 89' lang='lat' dir='ltr'>adii,</span> <span class='ocrx_word' id='word_1_67' title='bbox 880 2651 937 2718; x_wconf 89' lang='lat' dir='ltr'>ubi</span> <span class='ocrx_word' id='word_1_68' title='bbox 959 2673 1021 2738; x_wconf 85' lang='lat' dir='ltr'>per</span> <span class='ocrx_word' id='word_1_69' title='bbox 1046 2649 1189 2737; x_wconf 87' lang='lat' dir='ltr'>quinque</span> <span class='ocrx_word' id='word_1_70' title='bbox 1209 2653 1326 2716; x_wconf 88' lang='lat' dir='ltr'>annos</span> 
     </span>
     <span class='ocr_line' id='line_1_11' title="bbox 172 2755 1314 2848; baseline 0 -22"><span class='ocrx_word' id='word_1_71' title='bbox 172 2759 376 2848; x_wconf 80' lang='lat' dir='ltr'>philologiae</span> <span class='ocrx_word' id='word_1_72' title='bbox 399 2761 450 2828; x_wconf 86' lang='lat' dir='ltr'>fui</span> <span class='ocrx_word' id='word_1_73' title='bbox 473 2760 643 2828; x_wconf 85' lang='lat' dir='ltr'>studiosus</span> <span class='ocrx_word' id='word_1_74' title='bbox 668 2761 816 2848; x_wconf 83' lang='lat' dir='ltr'>exeeptis</span> <span class='ocrx_word' id='word_1_75' title='bbox 839 2785 898 2828; x_wconf 85' lang='lat' dir='ltr'>sex</span> <span class='ocrx_word' id='word_1_76' title='bbox 913 2761 1030 2827; x_wconf 90' lang='lat' dir='ltr'>hiemis</span> <span class='ocrx_word' id='word_1_77' title='bbox 1046 2755 1211 2833; x_wconf 79' lang='lat' dir='ltr'>XCVlVI</span> <span class='ocrx_word' id='word_1_78' title='bbox 1226 2783 1314 2827; x_wconf 88' lang='lat' dir='ltr'>man·</span> 
     </span>
     <span class='ocr_line' id='line_1_12' title="bbox 177 2869 1314 2959; baseline 0 -23"><span class='ocrx_word' id='word_1_79' title='bbox 177 2869 269 2937; x_wconf 85' lang='lat' dir='ltr'>sibus</span> <span class='ocrx_word' id='word_1_80' title='bbox 294 2870 446 2938; x_wconf 90' lang='lat' dir='ltr'>Berolini</span> <span class='ocrx_word' id='word_1_81' title='bbox 469 2871 628 2959; x_wconf 85' lang='lat' dir='ltr'>peractis.</span> <span class='ocrx_word' id='word_1_82' title='bbox 653 2870 839 2938; x_wconf 83' lang='lat' dir='ltr'>docuerunt</span> <span class='ocrx_word' id='word_1_83' title='bbox 862 2893 913 2936; x_wconf 89' lang='lat' dir='ltr'>ma</span> <span class='ocrx_word' id='word_1_84' title='bbox 936 2870 1004 2938; x_wconf 92' lang='lat' dir='ltr'>viri</span> <span class='ocrx_word' id='word_1_85' title='bbox 1026 2869 1212 2938; x_wconf 76' lang='lat' dir='ltr'>doctissimi</span> <span class='ocrx_word' id='word_1_86' title='bbox 1227 2872 1314 2936; x_wconf 89' lang='lat' dir='ltr'>Bau·</span> 
     </span>
     <span class='ocr_line' id='line_1_13' title="bbox 176 2967 1317 3065; baseline 0.001 -21"><span class='ocrx_word' id='word_1_87' title='bbox 176 2967 276 3045; x_wconf 83' lang='lat' dir='ltr'>niann</span> <span class='ocrx_word' id='word_1_88' title='bbox 315 2979 517 3047; x_wconf 88' lang='lat' dir='ltr'>Bonwetsoh</span> <span class='ocrx_word' id='word_1_89' title='bbox 555 2978 700 3065; x_wconf 86' lang='lat' dir='ltr'>Dilth&#39;ey</span> <span class='ocrx_word' id='word_1_90' title='bbox 735 2979 855 3063; x_wconf 87' lang='lat' dir='ltr'>Heyne</span> <span class='ocrx_word' id='word_1_91' title='bbox 892 2978 1017 3045; x_wconf 88' lang='lat' dir='ltr'>Kaibel</span> <span class='ocrx_word' id='word_1_92' title='bbox 1054 2979 1122 3046; x_wconf 87' lang='lat' dir='ltr'>Leo</span> <span class='ocrx_word' id='word_1_93' title='bbox 1152 2977 1317 3046; x_wconf 86' lang='lat' dir='ltr'>Meissner</span> 
     </span>
     <span class='ocr_line' id='line_1_14' title="bbox 177 3086 1315 3157; baseline 0 -3"><span class='ocrx_word' id='word_1_94' title='bbox 177 3086 385 3156; x_wconf 83' lang='lat' dir='ltr'>GEMneller</span> <span class='ocrx_word' id='word_1_95' title='bbox 417 3088 588 3156; x_wconf 84' lang='lat' dir='ltr'>Rehnisoh</span> <span class='ocrx_word' id='word_1_96' title='bbox 617 3089 749 3157; x_wconf 84' lang='lat' dir='ltr'>Roethe</span> <span class='ocrx_word' id='word_1_97' title='bbox 782 3087 971 3156; x_wconf 81' lang='lat' dir='ltr'>WSohulze</span> <span class='ocrx_word' id='word_1_98' title='bbox 1007 3088 1047 3154; x_wconf 90' lang='lat' dir='ltr'>de</span> <span class='ocrx_word' id='word_1_99' title='bbox 1071 3088 1315 3156; x_wconf 86' lang='lat' dir='ltr'>Wilamowitz·</span> 
     </span>
     <span class='ocr_line' id='line_1_15' title="bbox 178 3196 1315 3286; baseline 0.002 -24"><span class='ocrx_word' id='word_1_100' title='bbox 178 3196 418 3264; x_wconf 84' lang='lat' dir='ltr'>Moellendorff</span> <span class='ocrx_word' id='word_1_101' title='bbox 442 3197 705 3286; x_wconf 82' lang='lat' dir='ltr'>Gottingenses‚</span> <span class='ocrx_word' id='word_1_102' title='bbox 741 3198 836 3264; x_wconf 88' lang='lat' dir='ltr'>Diels</span> <span class='ocrx_word' id='word_1_103' title='bbox 867 3197 978 3264; x_wconf 83' lang='lat' dir='ltr'>Graes</span> <span class='ocrx_word' id='word_1_104' title='bbox 997 3197 1131 3265; x_wconf 83' lang='lat' dir='ltr'>Kekule</span> <span class='ocrx_word' id='word_1_105' title='bbox 1156 3197 1197 3264; x_wconf 91' lang='lat' dir='ltr'>de</span> <span class='ocrx_word' id='word_1_106' title='bbox 1219 3197 1315 3265; x_wconf 90' lang='lat' dir='ltr'>Stra·</span> 
     </span>
     <span class='ocr_line' id='line_1_16' title="bbox 174 3305 1315 3394; baseline 0.002 -22"><span class='ocrx_word' id='word_1_107' title='bbox 174 3305 289 3375; x_wconf 83' lang='lat' dir='ltr'>donitz</span> <span class='ocrx_word' id='word_1_108' title='bbox 312 3307 496 3375; x_wconf 84' lang='lat' dir='ltr'>ESohmidt</span> <span class='ocrx_word' id='word_1_109' title='bbox 523 3309 564 3375; x_wconf 91' lang='lat' dir='ltr'>de</span> <span class='ocrx_word' id='word_1_110' title='bbox 589 3308 826 3394; x_wconf 76' lang='lat' dir='ltr'>Treitsohke†</span> <span class='ocrx_word' id='word_1_111' title='bbox 853 3307 986 3375; x_wconf 85' lang='lat' dir='ltr'>Vahlen</span> <span class='ocrx_word' id='word_1_112' title='bbox 1008 3306 1190 3374; x_wconf 90' lang='lat' dir='ltr'>Weinhold</span> <span class='ocrx_word' id='word_1_113' title='bbox 1212 3308 1315 3374; x_wconf 88' lang='lat' dir='ltr'>Bero-</span> 
     </span>
     <span class='ocr_line' id='line_1_17' title="bbox 174 3415 1314 3506; baseline 0.001 -24"><span class='ocrx_word' id='word_1_114' title='bbox 174 3415 330 3484; x_wconf 88' lang='lat' dir='ltr'>linonses.</span> <span class='ocrx_word' id='word_1_115' title='bbox 382 3417 483 3504; x_wconf 86' lang='lat' dir='ltr'>Regii</span> <span class='ocrx_word' id='word_1_116' title='bbox 521 3418 768 3505; x_wconf 84' lang='lat' dir='ltr'>philologorum</span> <span class='ocrx_word' id='word_1_117' title='bbox 805 3416 1042 3506; x_wconf 87' lang='lat' dir='ltr'>proseminarii</span> <span class='ocrx_word' id='word_1_118' title='bbox 1077 3415 1314 3502; x_wconf 83' lang='lat' dir='ltr'>Gottingensis</span> 
     </span>
     <span class='ocr_line' id='line_1_18' title="bbox 177 3525 1364 3614; baseline 0 -23"><span class='ocrx_word' id='word_1_119' title='bbox 177 3525 302 3592; x_wconf 89' lang='lat' dir='ltr'>sodalis</span> <span class='ocrx_word' id='word_1_120' title='bbox 331 3526 381 3592; x_wconf 87' lang='lat' dir='ltr'>fui</span> <span class='ocrx_word' id='word_1_121' title='bbox 412 3550 473 3614; x_wconf 91' lang='lat' dir='ltr'>per</span> <span class='ocrx_word' id='word_1_122' title='bbox 504 3526 587 3607; x_wconf 89' lang='lat' dir='ltr'>duo,</span> <span class='ocrx_word' id='word_1_123' title='bbox 620 3528 790 3597; x_wconf 86' lang='lat' dir='ltr'>seminarii</span> <span class='ocrx_word' id='word_1_124' title='bbox 815 3526 1052 3613; x_wconf 82' lang='lat' dir='ltr'>Gottingensis</span> <span class='ocrx_word' id='word_1_125' title='bbox 1078 3525 1202 3591; x_wconf 88' lang='lat' dir='ltr'>sodalis</span> <span class='ocrx_word' id='word_1_126' title='bbox 1228 3526 1316 3592; x_wconf 92' lang='lat' dir='ltr'>ordi·</span> <span class='ocrx_word' id='word_1_127' title='bbox 1357 3557 1364 3568; x_wconf 93' lang='lat'><strong>·</strong></span> 
     </span>
     <span class='ocr_line' id='line_1_19' title="bbox 176 3634 1319 3724; baseline 0.002 -25"><span class='ocrx_word' id='word_1_128' title='bbox 176 3635 291 3701; x_wconf 87' lang='lat' dir='ltr'>narius</span> <span class='ocrx_word' id='word_1_129' title='bbox 314 3659 375 3722; x_wconf 93' lang='lat' dir='ltr'>per</span> <span class='ocrx_word' id='word_1_130' title='bbox 398 3635 543 3721; x_wconf 86' lang='lat' dir='ltr'>quinque</span> <span class='ocrx_word' id='word_1_131' title='bbox 568 3637 745 3704; x_wconf 80' lang='lat' dir='ltr'>semestris</span> <span class='ocrx_word' id='word_1_132' title='bbox 768 3658 909 3723; x_wconf 88' lang='lat' dir='ltr'>quorum</span> <span class='ocrx_word' id='word_1_133' title='bbox 925 3660 986 3724; x_wconf 89' lang='lat' dir='ltr'>per</span> <span class='ocrx_word' id='word_1_134' title='bbox 1002 3636 1072 3702; x_wconf 88' lang='lat' dir='ltr'>tria</span> <span class='ocrx_word' id='word_1_135' title='bbox 1089 3634 1216 3719; x_wconf 87' lang='lat' dir='ltr'>senior;</span> <span class='ocrx_word' id='word_1_136' title='bbox 1240 3659 1319 3722; x_wconf 93' lang='lat' dir='ltr'>pro-</span> 
     </span>
     <span class='ocr_line' id='line_1_20' title="bbox 177 3743 1316 3834; baseline 0.001 -24"><span class='ocrx_word' id='word_1_137' title='bbox 177 3743 349 3810; x_wconf 89' lang='lat' dir='ltr'>seminarii</span> <span class='ocrx_word' id='word_1_138' title='bbox 364 3743 556 3810; x_wconf 84' lang='lat' dir='ltr'>Germanioi</span> <span class='ocrx_word' id='word_1_139' title='bbox 573 3743 810 3829; x_wconf 82' lang='lat' dir='ltr'>Gottingensis</span> <span class='ocrx_word' id='word_1_140' title='bbox 826 3769 887 3834; x_wconf 91' lang='lat' dir='ltr'>per</span> <span class='ocrx_word' id='word_1_141' title='bbox 911 3769 1011 3811; x_wconf 89' lang='lat' dir='ltr'>unum</span> <span class='ocrx_word' id='word_1_142' title='bbox 1035 3767 1157 3810; x_wconf 90' lang='lat' dir='ltr'>annum</span> <span class='ocrx_word' id='word_1_143' title='bbox 1181 3744 1316 3828; x_wconf 81' lang='lat' dir='ltr'>sodalis,</span> 
     </span>
     <span class='ocr_line' id='line_1_21' title="bbox 177 3851 1317 3922; baseline 0.004 -4"><span class='ocrx_word' id='word_1_144' title='bbox 177 3852 348 3919; x_wconf 86' lang='lat' dir='ltr'>seminarii</span> <span class='ocrx_word' id='word_1_145' title='bbox 380 3851 572 3918; x_wconf 82' lang='lat' dir='ltr'>Germanioi</span> <span class='ocrx_word' id='word_1_146' title='bbox 607 3853 838 3920; x_wconf 89' lang='lat' dir='ltr'>Berolinensis</span> <span class='ocrx_word' id='word_1_147' title='bbox 870 3853 1086 3922; x_wconf 89' lang='lat' dir='ltr'>Weinholdio</span> <span class='ocrx_word' id='word_1_148' title='bbox 1119 3854 1317 3922; x_wconf 86' lang='lat' dir='ltr'>moderante</span> 
     </span>
     <span class='ocr_line' id='line_1_22' title="bbox 176 3961 1317 4050; baseline 0.002 -22"><span class='ocrx_word' id='word_1_149' title='bbox 176 3985 237 4050; x_wconf 90' lang='lat' dir='ltr'>per</span> <span class='ocrx_word' id='word_1_150' title='bbox 260 3985 319 4029; x_wconf 85' lang='lat' dir='ltr'>sex</span> <span class='ocrx_word' id='word_1_151' title='bbox 342 3985 473 4028; x_wconf 89' lang='lat' dir='ltr'>menses</span> <span class='ocrx_word' id='word_1_152' title='bbox 496 3961 621 4029; x_wconf 89' lang='lat' dir='ltr'>sodalis</span> <span class='ocrx_word' id='word_1_153' title='bbox 645 3963 949 4045; x_wconf 83' lang='lat' dir='ltr'>extraordinarius,</span> <span class='ocrx_word' id='word_1_154' title='bbox 982 3963 1154 4030; x_wconf 90' lang='lat' dir='ltr'>seminarii</span> <span class='ocrx_word' id='word_1_155' title='bbox 1177 3963 1317 4030; x_wconf 85' lang='lat' dir='ltr'>Germa·</span> 
     </span>
     <span class='ocr_line' id='line_1_23' title="bbox 178 4071 1317 4160; baseline 0.005 -24"><span class='ocrx_word' id='word_1_156' title='bbox 178 4071 244 4138; x_wconf 88' lang='lat' dir='ltr'>nioi</span> <span class='ocrx_word' id='word_1_157' title='bbox 261 4071 498 4157; x_wconf 78' lang='lat' dir='ltr'>Gottingensis</span> <span class='ocrx_word' id='word_1_158' title='bbox 522 4095 583 4160; x_wconf 89' lang='lat' dir='ltr'>per</span> <span class='ocrx_word' id='word_1_159' title='bbox 607 4072 677 4141; x_wconf 88' lang='lat' dir='ltr'>tria</span> <span class='ocrx_word' id='word_1_160' title='bbox 701 4071 878 4139; x_wconf 84' lang='lat' dir='ltr'>semestris</span> <span class='ocrx_word' id='word_1_161' title='bbox 900 4072 1025 4139; x_wconf 91' lang='lat' dir='ltr'>sodalis</span> <span class='ocrx_word' id='word_1_162' title='bbox 1043 4071 1234 4140; x_wconf 88' lang='lat' dir='ltr'>ordinarius</span> <span class='ocrx_word' id='word_1_163' title='bbox 1256 4073 1317 4142; x_wconf 82' lang='lat' dir='ltr'><strong>fui.</strong></span> 
     </span>
    </p>
   </div>
   <div class='ocr_carea' id='block_1_3' title="bbox 176 4180 1445 4602">
    <p class='ocr_par' dir='ltr' id='par_1_4' title="bbox 176 4180 1445 4602">
     <span class='ocr_line' id='line_1_24' title="bbox 176 4180 1317 4271; baseline 0.004 -25"><span class='ocrx_word' id='word_1_164' title='bbox 176 4181 219 4246; x_wconf 90' lang='lat' dir='ltr'>ad</span> <span class='ocrx_word' id='word_1_165' title='bbox 243 4182 504 4249; x_wconf 68' lang='lat' dir='ltr'>exercitationes</span> <span class='ocrx_word' id='word_1_166' title='bbox 520 4181 740 4271; x_wconf 84' lang='lat' dir='ltr'>philologioas</span> <span class='ocrx_word' id='word_1_167' title='bbox 757 4181 852 4248; x_wconf 90' lang='lat' dir='ltr'>Diels</span> <span class='ocrx_word' id='word_1_168' title='bbox 869 4180 1020 4262; x_wconf 78' lang='lat' dir='ltr'>schulze,</span> <span class='ocrx_word' id='word_1_169' title='bbox 1045 4181 1317 4268; x_wconf 79' lang='lat' dir='ltr'>arohaeologioas</span> 
     </span>
     <span class='ocr_line' id='line_1_25' title="bbox 176 4289 1445 4376; baseline 0.006 -22"><span class='ocrx_word' id='word_1_170' title='bbox 176 4290 320 4376; x_wconf 84' lang='lat' dir='ltr'>Dilthey</span> <span class='ocrx_word' id='word_1_171' title='bbox 343 4291 454 4358; x_wconf 80' lang='lat' dir='ltr'>Graef</span> <span class='ocrx_word' id='word_1_172' title='bbox 473 4293 634 4360; x_wconf 85' lang='lat' dir='ltr'>benevole</span> <span class='ocrx_word' id='word_1_173' title='bbox 658 4315 708 4358; x_wconf 88' lang='lat' dir='ltr'>me</span> <span class='ocrx_word' id='word_1_174' title='bbox 732 4291 959 4376; x_wconf 83' lang='lat' dir='ltr'>admiserunt;</span> <span class='ocrx_word' id='word_1_175' title='bbox 991 4289 1082 4357; x_wconf 90' lang='lat' dir='ltr'>Novi</span> <span class='ocrx_word' id='word_1_176' title='bbox 1106 4291 1317 4358; x_wconf 85' lang='lat' dir='ltr'>Testamenti</span> <span class='ocrx_word' id='word_1_177' title='bbox 1443 4357 1445 4361; x_wconf 81' lang='grc'>,</span> 
     </span>
     <span class='ocr_line' id='line_1_26' title="bbox 178 4398 1319 4490; baseline 0.004 -26"><span class='ocrx_word' id='word_1_178' title='bbox 178 4398 333 4485; x_wconf 89' lang='lat' dir='ltr'>epistulis</span> <span class='ocrx_word' id='word_1_179' title='bbox 366 4401 563 4488; x_wconf 87' lang='lat' dir='ltr'>quibusdam</span> <span class='ocrx_word' id='word_1_180' title='bbox 595 4401 863 4490; x_wconf 87' lang='lat' dir='ltr'>interpretandis</span> <span class='ocrx_word' id='word_1_181' title='bbox 886 4404 925 4468; x_wconf 89' lang='lat' dir='ltr'>ut</span> <span class='ocrx_word' id='word_1_182' title='bbox 947 4401 1147 4468; x_wconf 87' lang='lat' dir='ltr'>interessem</span> <span class='ocrx_word' id='word_1_183' title='bbox 1171 4399 1319 4468; x_wconf 83' lang='lat' dir='ltr'>Sohiirer</span> 
     </span>
     <span class='ocr_line' id='line_1_27' title="bbox 179 4507 1322 4602; baseline 0.004 -29"><span class='ocrx_word' id='word_1_184' title='bbox 179 4507 320 4593; x_wconf 83' lang='lat' dir='ltr'>benigne</span> <span class='ocrx_word' id='word_1_185' title='bbox 351 4511 525 4578; x_wconf 83' lang='lat' dir='ltr'>concessit.</span> <span class='ocrx_word' id='word_1_186' title='bbox 558 4512 677 4602; x_wconf 88' lang='lat' dir='ltr'>quibus</span> <span class='ocrx_word' id='word_1_187' title='bbox 702 4511 786 4580; x_wconf 84' lang='lat' dir='ltr'>viris</span> <span class='ocrx_word' id='word_1_188' title='bbox 810 4511 942 4580; x_wconf 85' lang='lat' dir='ltr'>debitas</span> <span class='ocrx_word' id='word_1_189' title='bbox 965 4509 1070 4578; x_wconf 89' lang='lat' dir='ltr'>habeo</span> <span class='ocrx_word' id='word_1_190' title='bbox 1093 4508 1224 4596; x_wconf 85' lang='lat' dir='ltr'>gratias</span> <span class='ocrx_word' id='word_1_191' title='bbox 1248 4530 1322 4578; x_wconf 86' lang='lat' dir='ltr'>oum</span> 
     </span>
    </p>
   </div>
   <div class='ocr_carea' id='block_1_4' title="bbox 0 0 1565 5002">
    <p class='ocr_par' dir='ltr' id='par_1_5' title="bbox 0 0 1565 5002">
     <span class='ocr_line' id='line_1_28' title="bbox 0 0 1565 5002; baseline 0 0"><span class='ocrx_word' id='word_1_192' title='bbox 0 0 1565 5002; x_wconf 95' lang='lat' dir='ltr'> </span> 
     </span>
    </p>
   </div>
  </div>
 </body>
</html>
