3094 5002
599 1507 717 1564 OAPVT
742 1505 896 1562 PRIMVM.

490 1683 553 1750 DE
576 1679 866 1750 ARCHILOOHI
889 1669 1015 1750 VITA.

266 1946 462 2015 Friderious
493 1943 700 2034 Theophilus
723 1945 885 2013 Welchcr
919 1943 1034 2013 eodem
1066 1946 1139 2014 fere
1169 1952 1321 2032 tempore

182 2077 258 2142 quo·
264 2054 398 2144 Sappho
422 2077 444 2122 a
465 2075 574 2143 prava
596 2054 751 2142 opinione
765 2053 936 2121 liberabat
952 2053 1056 2120 ctiam
1070 2052 1112 2120 dc
1127 2051 1324 2119 Archilochi

182 2163 314 2231 nominc
337 2166 420 2231 benc
442 2164 585 2232 meritus
609 2167 678 2248 cat;
702 2153 800 2250 quem
821 2162 857 2228 in
879 2183 1021 2230 censura
1044 2161 1202 2230 editionis
1226 2162 1323 2229 Libe·

181 2273 291 2341 lianae
326 2273 424 2358 (1816
446 2271 655 2360 opacam)
689 2291 710 2338 a
740 2271 1002 2338 contumeliosae
1032 2269 1232 2338 acerbitatis
1267 2292 1323 2358 op-

182 2382 321 2472 probrio
344 2381 546 2460 vindicavit,
583 2403 655 2448 oum
678 2379 806 2468 primus
830 2384 909 2468 post
932 2379 1141 2446 saeculorum
1163 2381 1323 2446 tenebras

182 2489 343 2558 iambicac
365 2489 476 2576 poesis
506 2493 663 2556 naturam
691 2507 873 2575 verumque
902 2491 1023 2576 poetae
1051 2487 1221 2576 ingenium
1250 2504 1325 2576 per-

184 2599 339 2687 spiceret.
385 2598 581 2685 priusquam
604 2619 644 2665 ea
673 2596 929 2685 quaestiuncula
959 2596 1085 2684 publici
1114 2597 1199 2662 iuris·
1232 2597 1326 2664 facta

185 2711 249 2792 est,
273 2705 516 2773 COllluelleruc
524 2705 650 2773 extitit
665 2706 722 2793 qui
737 2704 926 2772 nouaclum
941 2727 960 2771 e
975 2704 1176 2791 fragmentis
1198 2710 1326 2772 cetera·

184 2841 248 2905 que
282 2814 444 2883 memoria
475 2814 600 2881 claram
632 2818 753 2902 poetae
787 2816 1003 2901 componeret
1033 2811 1231 2900 imaginem,
1266 2813 1327 2880 sed

183 2925 285 2994 etiam
310 2944 407 3014 quem
431 2924 522 2990 inter
546 2929 679 2990 ceteros
710 2927 829 3010 poetas
863 2921 972 2988 locum
1003 2919 1149 2988 haberet
1176 2921 1325 3008 ingenio-

182 3035 313 3103 sis-sime
337 3033 543 3101 ostenderet.
590 3055 670 3100 sane
693 3032 791 3099 huius
813 3031 1025 3099 fundamenti
1047 3029 1245 3098 firmitatem
1267 3053 1324 3120 pc·

182 3144 285 3212 steris
316 3142 502 3229 augendam
535 3142 592 3210 vel
625 3139 861 3208 stabiliendam
898 3140 1056 3228 reliquit:
1098 3156 1204 3228 neque
1237 3139 1325 3208 enim

185 3249 295 3317 omnia
317 3247 425 3336 primo
448 3269 614 3334 aggressu
637 3245 801 3334 expedire·
818 3264 925 3332 neque
949 3245 1099 3312 omnibus
1122 3245 1329 3312 testimoniis

183 3355 557 3445 perfectaqnaestione
580 3354 632 3423 uti
654 3360 802 3444 poterat.
849 3375 934 3442 quae
956 3373 1065 3442 parva
1087 3353 1247 3422 videntur
1263 3375 1329 3442 pro

185 3464 296 3552 operis
329 3461 569 3550 magnitudine.
627 3465 664 3528 at
697 3465 775 3550 post
805 3483 879 3528 cum
901 3461 1212 3561 Rernhardiumque
1235 3464 1328 3528 Dun-

185 3571 306 3640 ckerus
329 3576 369 3639 ut
401 3571 437 3638 in
466 3571 589 3639 ceteris
623 3571 734 3658 poetis
770 3569 892 3656 lyricis
922 3571 973 3638 ita
1002 3571 1038 3637 in
1059 3571 1263 3638 Archilocho
1293 3561 1328 3638 id

185 3680 460 3769 peccavit,'quod
484 3701 708 3769 quaecumque
731 3679 796 3746 sibi
819 3682 901 3768 apta
916 3679 1121 3748 videbantur
1137 3680 1331 3768 fragmenta

185 3787 222 3853 in
244 3788 317 3855 vita
340 3788 559 3856 describenda
582 3788 626 3855 ad
648 3811 703 3856 res
726 3787 942 3875 hominesque
957 3789 1103 3856 fortuito
1119 3789 1214 3856 nobis
1231 3793 1330 3858 notos

184 3895 325 3964 rettulit
355 3917 459 3984 caque
481 3897 569 3964 male
591 3897 841 3985 interpretatus
864 3898 1036 3985 permulta
1059 3898 1184 3966 statuit
1206 3921 1331 3966 avaro

187 4003 309 4070 aliena.
364 4001 509 4070 multum
538 4003 686 4092 profecit
715 4002 902 4090 Berginium
936 4025 1009 4070 cum
1043 4027 1082 4072 eo
1113 4003 1332 4071 fundamento

186 4110 357 4179 niteretur
382 4111 470 4198 quod
491 4111 564 4200 ipae
588 4112 653 4179 sibi
677 4110 712 4178 in
735 4109 883 4178 editione
911 4116 1107 4199 paraverat.
1163 4134 1201 4178 eo
1224 4110 1332 4198 magia

189 4219 369 4287 dolendum
391 4226 460 4301 eat,
495 4220 584 4306 quod
607 4219 709 4286 etiam
732 4217 791 4285 ille
815 4217 948 4308 saepius
979 4219 1248 4304 fragmentorum
1279 4238 1333 4284 ar·

192 4331 354 4414 gumenta
375 4325 476 4414 plane
499 4327 631 4394 incerta
653 4330 736 4393 nota
758 4323 886 4392 habuit.
933 4348 975 4392 ex
997 4325 1039 4392 iis
1063 4325 1120 4414 qui
1141 4324 1334 4414 nuperrime

183 4431 390 4499 Archilocho
415 4455 552 4520 operam
574 4434 789 4502 navaverunt
811 4431 973 4498 Eduardo
997 4431 1146 4518 Meyern,
1170 4433 1263 4500 cuius
1286 4433 1335 4500 hi·

187 4538 316 4610 ateriae
338 4538 558 4631 antiquitatis
581 4541 734 4611 Graecae
754 4538 863 4608 multa
893 4561 1079 4627 magnaque
1109 4540 1275 4628 debemus,
1300 4546 1350 4628 et2
1371 4556 1405 4612 .·

1082 4647 1115 4719 1·
1326 4655 1361 4783 q-
