3094 5002
1 4557 21 4606 's

738 307 781 376 47

313 479 454 555 πολλάκις
479 484 504 548 δ’
515 483 713 572 ἀνατρέπουσι
735 483 786 550 καὶ
809 484 878 572 μάλ’
902 486 934 552 εὖ
960 490 1125 576 βεβηκότας

315 590 432 664 ὑπτίους
456 592 594 658 κλίνουσι.

182 719 297 787 eadem
319 721 392 788 fere
415 721 586 790 sententie
608 721 737 809 legitur
761 724 856 790 1:211
871 726 966 814 sq⁴):

314 850 427 936 ῥηίδιον
451 850 484 914 δὲ
508 853 614 933 θεοῖσι,
636 851 682 915 τοὶ
705 852 828 939 οὐρανὸν
852 853 937 941 εὐρὺν
961 853 1089 940 ἔχουσιν,

312 959 387 1044 ἠμὲν
410 963 536 1044 κυδῆναι
559 961 668 1046 θνητὸν
693 961 798 1048 βροτὸν
822 962 877 1049 ἠδὲ
899 971 1046 1029 κακῶσαι.

184 1087 235 1154 ita
258 1087 436 1155 victoriam
460 1089 588 1157 donant
611 1090 659 1174 (fr
671 1092 726 1178 55)

376 1199 458 1284 νίκης
483 1201 546 1264 δ’ἐν
571 1201 667 1264 θεοῖσι
691 1201 816 1288 πείρατα

184 1351 249 1416 quo
284 1327 356 1395 loco
381 1327 622 1396 Archilochum
652 1331 804 1399 Clemens
837 1331 921 1400 dicit
950 1355 1086 1400 versum
1116 1333 1329 1401 Homericum

186 1443 337 1504 secutum
361 1460 434 1505 esse
456 1437 543 1505 hunc

315 1547 396 1634 νίκης
428 1551 611 1636 ἀνθρώποισι
645 1551 724 1616 θεῶν
757 1551 788 1616 ἐν
818 1550 916 1637 πείραι
947 1549 1035 1640 [ileon
1058 1550 1100 1617 ἔνι
1124 1550 1329 1638 Sylburgius

316 1657 349 1724 ft
364 1657 387 1724 l.
413 1660 507 1723 hsoio'
531 1659 573 1725 ἔνι
595 1660 730 1748 πείρατα]
755 1665 848 1725 κεῖται
858 1660 883 1744 ⁵)
1033 1665 1035 1670 ’

183 1785 339 1868 deorum,
373 1788 431 1875 qui
462 1787 498 1853 in
520 1787 665 1878 Olympo
688 1787 862 1872 habitant,
894 1786 1127 1874 hominumque
1150 1792 1249 1875 peter
1273 1789 1327 1854 est

181 1895 353 1984 Iuppiter3
389 1899 491 1963 nctee
523 1905 603 1964 sunt
633 1897 761 1984 figurae
794 1896 905 1984 opicae
937 1895 1002 1960 usu
1031 1895 1180 1982 Ὀλύμπιοι
1214 1898 1326 1981 δώματ’

182 2004 301 2091 ἔχοντες
324 2008 360 2072 et
382 2005 479 2092 πατὴρ
503 2007 618 2094 ἀνδρῶν
641 2031 673 2070 τε
697 2007 775 2069 θεῶν
804 2030 845 2069 τε.
877 2004 966 2093 apud
988 2004 1226 2072 Archilochum
1250 2004 1326 2078 Ζεὺς

181 2114 279 2201 πατὴρ
301 2109 475 2201 Ὀλυμπίων
505 2119 559 2183 est
590 2115 662 2202 7415
697 2116 845 2182 hominos
878 2120 992 2202 (atque
1026 2114 1061 2180 in
1095 2114 1220 2182 sabulis
1254 2115 1325 2181 eni-

183 2224 286 2292 meliu
315 2224 483 2292 hominum
511 2224 569 2292 vel
611 2224 775 2312 religione
799 2228 951 2314 recepta)
984 2225 1099 2291 lovem
1131 2224 1245 2293 verbis
1269 2223 1328 2288 Ζεῦ

183 2334 274 2420 πάτερ
297 2334 361 2422 (99,
375 2336 454 2421 741),
481 2338 505 2400 ὦ
529 2333 587 2398 Ζεῦ
610 2334 702 2421 πάτερ
725 2333 782 2399 Ζεῦ
795 2335 876 2423 (881)
900 2335 1092 2423 implorant.
1119 2357 1230 2401 omnes
1255 2335 1328 2403 fere

183 2443 308 2531 singuli
340 2444 394 2511 dei
425 2443 547 2518 ἄνακτες
579 2444 781 2512 invocantur
812 2444 903 2532 epico
935 2443 1050 2512 modo:
1087 2443 1156 2516 ἅναξ
1182 2442 1326 2510 Ἄπολλον

180 2553 247 2636 271,
283 2551 353 2624 ἄναξ
370 2543 527 2638 Ἥφαιστε
550 2553 615 2637 751,
651 2550 807 2618 Διωνύσοι’
831 2551 954 2625 ἄνακτος
982 2553 1048 2637 771,
1088 2551 1329 2642 Ποσιδ<ά>ωνος

181 2661 305 2735 ἄνακτος
330 2662 372 2728 10
394 2662 447 2744 (οο
471 2683 550 2728 casu
572 2684 639 2727 non
662 2661 820 2746 constat),
845 2664 946 2748 poeta
970 2659 1036 2727 sibi
1059 2664 1112 2727 est
1136 2662 1153 2725 1
1186 2661 1326 2748 οεράπων

181 2769 348 2834 Ἐνυαλίοιο
373 2770 505 2843 ἄνακτος.
594 2777 634 2837 ut
657 2770 715 2854 fit,
749 2768 929 2836 secundum
952 2769 1064 2836 varios
1088 2768 1190 2834 animi
1213 2772 1324 2836 motus

179 2877 276 2957 modo
299 2878 454 2966 potentie
488 2877 541 2964 (de
566 2879 607 2944 55
632 2877 909 2961 antecedimus,
944 2877 1005 2943 101
1030 2875 1199 2964 H.-Crus.)
1231 2879 1328 2944 modo

179 2987 315 3055 iustitia
338 2987 401 3070 (27)
424 2985 602 3074 praevolet
625 2984 722 3052 modo
746 2985 858 3052 alteru
881 3007 953 3050 cum
976 2983 1088 3051 altera
1111 2984 1327 3072 coniungitur

178 3097 232 3184 (56
244 3098 302 3181 88;
328 3095 488 3184 exemplis
512 3094 614 3183 epicis
637 3117 704 3161 non
728 3119 809 3183 opus
834 3094 909 3181 ost).
977 3098 1056 3161 ante
1080 3101 1211 3162 ceteros
1237 3094 1316 3162 deos

176 3206 333 3294 Iuppiter
357 3205 534 3294 Neptunus
558 3204 661 3272 Pluto
690 3205 828 3274 diversa
859 3204 1013 3272 obtinent
1036 3203 1192 3292 imperia3
1225 3204 1318 3272 Iovis

178 3317 306 3384 caelum
329 3338 402 3383 esse
424 3313 589 3402 imprimis
613 3315 710 3383 docet
733 3316 825 3382 locus
848 3314 1075 3382 nobilissimus
1100 3313 1203 3380 0192
1217 3337 1279 3403 sqq

308 3423 382 3497 Ζεὺς
407 3426 431 3488 δ’
441 3423 525 3512 ἔλαχ’
550 3424 672 3512 οὐρανὸν
696 3424 781 3511 εὐρὺν
806 3426 836 3489 ἐν
860 3425 959 3510 αἰθέρι
980 3423 1031 3488 καὶ
1053 3424 1233 3510 νεφέληισιν.

183 3551 271 3620 idem
295 3551 384 3641 apud
405 3552 646 3619 Archilochum
668 3552 842 3620 invenitur
865 3553 908 3619 88

311 3666 336 3728 ὦ
360 3660 417 3728 Ζεῦ
440 3661 533 3750 πάτερ
550 3661 624 3748 Ζεῦ,
649 3660 699 3727 σὸν
725 3661 775 3748 μὲν
800 3661 927 3750 οὐρανοῦ
950 3652 1066 3750 κράτος.

183 3853 388 3864 *au-...n-

250 3969 277 4039 4)
296 3971 384 4026 locum
404 3987 418 4026 e
438 3971 576 4026 Clemente
596 3973 647 4026 739
680 3971 775 4026 attulit
796 3970 825 4024 P.
844 3969 986 4039 Deuliche‚
1007 3971 1171 4026 Archilocho
1200 3969 1229 4044 P.¹
1259 3971 1325 4039 quid

174 4064 202 4117 in
221 4080 310 4133 graec.
336 4066 389 4121 litt.
415 4067 452 4120 eit
471 4065 652 4134 tribuendum,
675 4065 857 4132 01177116,
883 4065 928 4132 qui
955 4066 1025 4118 hune
1051 4065 1237 4133 quaestionem
1269 4081 1323 4119 non

174 4159 227 4212 nisi
247 4159 337 4214 obiter
357 4161 457 4229 attigit.

246 4255 274 4321 5)
293 4255 338 4322 qui
358 4271 452 4309 versus
480 4257 508 4308 in
535 4256 653 4310 Homero
673 4271 727 4310 non
747 4255 856 4322 legitur.
882 4249 942 4305 cfH
956 4253 1006 4305 102
1026 4250 1104 4324 αὐτὰρ
1124 4249 1230 4324 ὕπερθεν
1249 4253 1320 4323 νίκης

175 4333 271 4420 πὲίραθ
290 4349 392 4421 ἔχονται
408 4352 433 4402 ἐν
461 4349 606 4404 ἀθανάτοισι
630 4348 729 4403 θεοῖσιν.
759 4348 942 4402 uClementis
971 4352 1083 4400 auctore
1109 4361 1141 4399 ea
1168 4362 1249 4414 quem
1268 4362 1318 4400 nos

173 4443 288 4510 legimus
308 4446 449 4512 scripture
471 4440 530 4498 cuin
549 4444 637 4512 figure
654 4442 724 4500 ,θεων
744 4444 768 4496 ἐν
789 4441 891 4514 γοΰνασι
916 4449 996 4496 κεῖται
1014 4437 1100 4493 Poll
1120 4435 1204 4493 l435
1228 4448 1322 4494 contu·

177 4537 284 4592 minate
302 4553 362 4593 esse
383 4538 503 4609 videtum
524 4556 546 4595 v.
558 4539 698 4608 haegesus
712 4556 729 4609 p
741 4542 785 4594 20.
