3094 5002
719 261 762 328 85

170 433 282 522 φρίζων
311 432 419 522 μάχην.
466 438 520 504 est
554 435 667 502 autem
702 439 886 502 ‘contemno
917 438 1010 501 tuem
1043 433 1209 522 pugnam,
1245 431 1310 521 περὶ

168 546 311 630 ἐλαφροῦ,
335 547 366 610 ἐν
388 547 527 630 ἐλαφρῶν
550 549 700 631 ποιοῦμαι.
746 543 1001 610 intransitivum
1028 544 1112 611 hanc
1137 544 1232 611 verbi
1254 567 1311 610 nc-

20 658 23 686 '
136 641 140 646 .
167 653 292 721 tionem
316 653 473 722 habemus
498 653 587 742 apud
609 654 829 723 Eu1nfr530³
859 648 900 726 ὡς
924 655 1084 739 ἐλαφρίζον
1107 656 1178 738 γόνυ
1203 655 1309 740 ἔχοιεν.

167 787 233 830 vox
265 764 399 851 poetice
421 771 602 852 praetcrea
632 764 806 832 invenitur
840 763 929 851 apud
955 764 1086 831 callim.
1103 763 1134 831 h.
1153 764 1226 831 Del.
1245 765 1307 831 115

166 873 247 960 Opp.
262 872 346 959 Cyn.
360 873 378 938 Ι
390 873 432 939 85
455 872 610 960 Anytem
625 895 676 960 ep.
692 873 777 939 Poll.
791 874 823 940 V
835 872 887 938 48.

253 985 405 1069 θεριστάς]
426 983 530 1051 Arch.
545 984 587 1050 88
617 983 651 1048 σὺ
677 984 701 1047 δ’
720 983 781 1069 ἔργ’
805 983 851 1050 ἐπ’
874 985 1041 1068 ἀνθρώπων
1075 986 1156 1069 ίράις
1191 983 1310 1070 λεωργά

164 1091 214 1156 καὶ
238 1093 372 1175 θεμιστά.
418 1093 593 1181 scriptura
622 1093 755 1162 tradita
785 1093 954 1178 κάθέμιοτοι
986 1092 1059 1160 iure
1089 1097 1222 1160 mutata
1245 1099 1307 1176 est,

163 1200 198 1266 id
221 1202 309 1288 quod
333 1226 374 1270 ex
404 1203 574 1271 sententie
604 1203 758 1292 sequenti
783 1209 933 1291 eppcret
962 1201 1007 1267 οοὶ
1032 1203 1065 1267 δὲ
1091 1203 1202 1290 θηρίων
1226 1204 1307 1290 ὕβρις
1382 1259 1384 1264 ,

163 1335 195 1374 τε
222 1311 271 1376 καί
296 1313 362 1397 δίκη
396 1313 487 1398 μέλει.
534 1313 664 1380 accedit
685 1313 838 1400 Hesychi
867 1314 983 1399 glossa
1015 1314 1156 1398 θεμιστά·
1190 1313 1306 1398 ἔννομα,

163 1422 282 1506 νόμιμοι.
329 1422 483 1508 vulgaris
506 1422 667 1490 adiectivi
689 1421 798 1488 forma
822 1425 945 1508 θεμιτάς
967 1423 1002 1488 in
1019 1423 1050 1488 h.
1065 1423 1139 1489 Cer.
1153 1424 1217 1489 207
1240 1423 1307 1510 pri-

163 1553 250 1596 mum
272 1530 411 1618 legitur,
435 1536 556 1599 contra
579 1533 738 1617 ἀθέμιστος
762 1531 908 1598 Homero
932 1537 1049 1598 notum
1071 1537 1133 1599 est.
1171 1535 1309 1616 θεμιοτός
1399 1520 1401 1523 ’

163 1640 304 1706 formam
342 1645 421 1728 post
449 1641 686 1708 Archilochum
722 1640 913 1726 Aeschylus
948 1641 1102 1708 adhibuit
1136 1641 1229 1728 Sept.
1243 1641 1305 1708 681

165 1746 288 1834 αἵματος
313 1752 347 1816 οὐ
371 1755 513 1836 θεμιστοῦ
538 1752 617 1818 Ch0.
631 1752 695 1818 645
719 1751 918 1838 τοιρεκβάντες
950 1752 984 1815 οὐ
1021 1754 1169 1837 θεμιστῶς
1201 1753 1305 1836 [ἀθεμ.

161 1857 242 1924 'uin
265 1865 308 1922 δῦ
330 1859 463 1924 mutata
485 1855 540 1945 11].

250 1968 454 2056 μηλοτρόφος]
478 1967 580 2034 Arch.
594 1968 636 2034 26
661 1965 757 2053 Ἀσίης
780 1967 919 2053 καρτεράς
944 1969 1142 2052 μηλοτρόφου.
1168 1990 1307 2044 ,nomen

163 2077 291 2179 legitur
321 2077 356 2144 in
388 2079 523 2145 oraculo
557 2077 682 2144 Herod.
700 2078 752 2145 IV
769 2077 831 2144 155
861 2079 890 2148 ἐς
915 2077 1027 2164 Αιβύην
1053 2128 1060 2141 .
1086 2127 1091 2137 .
1118 2078 1305 2162 μηλοτρόφον

163 2187 224 2252 157
249 2189 362 2276 Λιβύην
387 2189 584 2275 μηλοτρόφον.
627 2187 741 2254 eodem
757 2209 836 2253 usus
854 2191 907 2253 est
924 2186 1084 2272 Bacchyl.
1097 2187 1131 2251 X
1143 2185 1184 2250 95
1203 2183 1306 2271 Ἀρκα-

163 2298 226 2362 δίαν
252 2300 450 2385 μηλοτρόφον.
497 2297 602 2364 Asiae
625 2319 807 2383 cognomen
831 2301 884 2362 est
906 2301 945 2363 ut
964 2296 1052 2383 epud
1067 2294 1305 2361 Archilochum

161 2405 211 2472 ita
233 2405 322 2493 apud
344 2407 465 2474 Aeseh.
480 2407 574 2474 Pers.
589 2405 651 2471 763
676 2404 795 2490 ἁπάσης
820 2402 930 2476 Ἀσίδος
956 2405 1155 2490 μηλοτρόφον.

249 2515 335 2600 ἀξίη]
360 2516 493 2584 arboris
517 2539 578 2604 pro
602 2515 721 2582 hastae
744 2515 876 2580 nominc
898 2513 1013 2600 posuit
1029 2513 1131 2578 Arch.
1148 2513 1209 2578 186
1234 2513 1303 2598 ἀξίνη

163 2631 281 2706 ποτάτο,
299 2649 396 2714 quem
412 2630 546 2693 secutus
564 2625 707 2692 estEur.
720 2624 958 2690 Heraclid.727
973 2621 1049 2709 χειρί
1068 2626 1094 2685 θ’
1106 2621 1191 2695 ἔνθες
1207 2623 1303 2708 ἀξάην.

247 2737 367 2823 χαρτάς]
398 2735 500 2802 Arch.
515 2736 571 2804 ὅθι
600 2734 753 2821 χαρτοῖσίν
785 2757 816 2796 τε
846 2735 934 2818 χαῖρε
961 2735 1020 2795 κτλ.
1075 2754 1155 2799 voce
1185 2735 1305 2819 postea

160 2846 213 2912 usi
236 2850 315 2913 sunt
339 2844 439 2934 Soph.
454 2844 507 2912 El.
522 2844 605 2910 1457
631 2840 659 2908 εἴ
680 2869 725 2908 σοι
740 2842 838 2930 χαρτά
854 2842 994 2928 τυγχάνει
1011 2841 1083 2905 τάδε
1107 2839 1303 2907 ’11505228

161 2956 241 3023 Eur.
255 2955 378 3022 Phoen.
392 2956 454 3022 627
478 2957 574 3043 χαῖρε.
622 2953 728 3042 ίχαρτά
750 2958 819 3038 γοῦν
851 2952 980 3038 πάσχω’.
1027 2953 1208 3038 praeterea
1237 2972 1304 3016 non

160 3064 342 3133 invenitur.

244 3175 359 3262 χοιράς]
383 3175 487 3242 Arch.
500 3176 564 3242 128
587 3174 722 3261 ἀμνόρὴν
744 3169 861 3261 ⁸sorpdd'
886 3173 1087 3257 ἐξαλείμενος.
1134 3191 1214 3237 voce
1247 3168 1300 3236 usi

160 3289 239 3353 sunt
271 3284 395 3352 Herod.
413 3285 505 3352 1129
536 3285 713 3352 Hercndas
729 3286 764 3351 fr
781 3285 821 3350 13
839 3283 894 3350 Cr.
926 3283 1073 3368 Theogn.
1091 3281 1170 3363 576,
1207 3279 1298 3346 inter

160 3395 310 3482 tragicos
343 3395 464 3462 Aesch.
477 3395 571 3462 Pers.
585 3396 646 3461 421
679 3395 808 3462 Eum.9
840 3393 1048 3460 Eur.Tr.89
1081 3391 1188 3456 Andr.
1204 3389 1297 3471 1254,

159 3505 300 3593 denique
324 3505 495 3594 sequiores
519 3510 649 3593 poetae.

244 3614 420 3681 Interdum
442 3619 582 3703 praeter
604 3614 754 3701 tragicos
778 3616 896 3700 poetes
921 3611 1098 3677 Platonem
1121 3609 1176 3676 vel
1192 3608 1301 3674 Xeno-

157 3724 315 3812 phontem
336 3724 486 3792 videmus
511 3724 646 3791 vocibus
671 3721 904 3789 Archilochcis
933 3720 985 3785 uti
1008 3721 1049 3784 eb
1073 3717 1202 3784 Atticis
1227 3739 1300 3783 ora-

156 3833 288 3899 toribus
313 3837 347 3900 et
371 3833 541 3901 comoedia
563 3833 692 3900 alienis,

245 3942 376 4027 ἀγκάλη]
400 3941 556 4008 Araura
587 3939 726 4026 κομάτιον
760 3942 790 4004 ἐν
824 3938 975 4022 ἀγκάλαις.
1029 3937 1070 4001 de
1100 3934 1300 4000 comicorum

156 4051 238 4119 locis
262 4051 424 4118 Audiam
438 4051 502 4117 704
524 4051 679 4119 Nausicr.
698 4049 812 4114 11295
830 4048 861 4112 Κ
886 4051 988 4122 antee
1011 4045 1085 4131 piri
1098 4065 1136 4130 sq
1161 4043 1298 4128 egimus.

157 4161 271 4228 ecdem
294 4162 467 4227 translate
489 4161 582 4227 notio
606 4161 779 4227 invenitur
802 4158 891 4246 apud
910 4163 1044 4244 poetam
1068 4175 1222 4238 anonym.
1246 4175 1299 4239 ap.

156 4269 311 4339 Ariston.
326 4270 454 4357 Oxyrh.
468 4270 550 4358 Pap.
563 4272 580 4335 I
593 4295 612 4358 p
627 4271 667 4335 15
691 4271 765 4335 ἔνθα
789 4269 826 4354 δὴ
851 4267 991 4332 ποικίλων
1016 4264 1133 4329 ἀνθέων
1156 4261 1300 4350 ἄμβροτοι

156 4381 294 4466 λείμακες
330 4380 491 4467 βαθύσκιον
526 4389 594 4467 παρ’
629 4380 717 4453 ἄλσος
753 4377 995 4466 ἀβροποιρθένονς
1031 4375 1157 4445 εάιώτοις
1190 4371 1299 4459 χοροὺς

158 4491 301 4580 ἀγκάλαις
325 4493 473 4582 δέχονται.
508 4497 688 4582 praetcrea
704 4513 771 4560 vox
785 4489 914 4577 legitur
938 4510 990 4578 ap.
1005 4484 1125 4553 Aesch.
1139 4483 1220 4553 Cho.
1232 4484 1296 4552 586
