3094 5002
770 284 813 354 36

212 462 314 530 ἀσπίδι
339 461 390 550 μέν
413 462 513 530 Σαίων
537 487 580 538 τις
603 462 774 548 ἀγάλλεται,
799 465 835 548 ἢν
859 461 940 550 παρά
964 459 1043 550 [περὶ
1064 460 1170 552 Plut]
1192 461 1317 548 θάμνωι

298 573 382 648 ἔντος
406 574 570 662 ἀμώμητον
592 571 733 640 κάλλιπον
758 573 812 638 οὐκ
834 573 957 638 ἐθέλων.

836 681 923 757 ἀσπίς
946 683 1043 770 ἐκείνη

296 794 425 882 ἐρρέτω·
450 796 565 870 ἐξαῦτις
587 795 736 880 κτήσομαι
758 793 792 858 οὐ
816 793 920 858 κακίω.

206 926 326 972 versus
350 905 379 972 3.
397 905 502 973 verba
524 926 609 991 quae
625 903 829 970 Plutarchus
847 902 977 970 omittit
992 902 1195 992 supplentur
1219 901 1362 970 eSaxto

207 1013 303 1103 Emp.
317 1013 398 1101 hyp.
412 1014 595 1102 3p172B:
620 1013 723 1080 ἀσπίδι
745 1053 788 1062 -
812 1013 926 1078 ἐθέλων
940 1035 947 1050 ·

300 1122 388 1196 αὐτὸς
412 1123 443 1187 δ”
461 1123 603 1210 ἐξέφυγον
630 1123 761 1188 θανάτου
785 1123 877 1196 τέλος.

208 1235 329 1300 contra
351 1233 441 1321 apud
464 1233 641 1320 Aristoph.
655 1234 731 1302 Pac.
747 1234 832 1300 1298
845 1255 907 1321 sqq
928 1233 1010 1299 haec
1031 1232 1195 1320 leguntur

210 1339 325 1408 lhKA.
372 1343 475 1408 ἀσπίδι
500 1341 550 1429 μέν
575 1342 673 1408 Σαίων
697 1368 738 1416 τις
762 1343 931 1427 ἀγάλλεται,
955 1345 991 1428 ἢν
1015 1347 1097 1430 παρὰ
1120 1341 1241 1429 θάμνωι

426 1452 506 1526 ἔντος
530 1454 694 1540 ἀμώμητον
716 1452 859 1518 κάλλιπον
883 1453 936 1517 οὐκ
958 1453 1082 1518 ἐθέλων.

209 1559 322 1628 ΤΡΥΓ.
372 1563 437 1626 εἰπέ
462 1587 511 1648 μοι
534 1565 559 1626 ἀι
583 1563 716 1646 πόσθων,
742 1564 772 1636 ἐς
794 1561 843 1628 τὸν
868 1567 977 1628 σαυτοῦ
999 1560 1098 1650 πατέρ’
1126 1561 1236 1642 άιδεις;

285 1671 326 1740 Π.
369 1671 468 1760 ψυχὴν
491 1671 517 1738 δ’
540 1672 703 1746 ἐξεσάωσα.
749 1671 808 1738 ΤΡ.
840 1675 1039 1760 αατήισχονας
1065 1672 1097 1736 δὲ
1119 1680 1239 1758 τοκῆας.

208 1783 467 1850 consentaneum
489 1781 596 1868 igitur
628 1785 681 1850 est
713 1781 879 1870 duplicem
908 1786 1026 1850 extare
1050 1782 1272 1870 scripturam,
1306 1781 1369 1848 al-'

207 1892 318 1956 teram
340 1887 581 1976 Aristophanis
614 1889 714 1977 ψυχὴν
738 1889 765 1952 δ’
788 1887 952 1974 ἐξεσάωσα,
976 1890 1122 1957 alteram
1145 1889 1244 1959 Sexti
1266 1890 1358 1964 αὐτὸς

211 2001 236 2061 δ’
260 1998 401 2084 ἐξέφυγον
435 1998 566 2064 θανάτου
600 1999 693 2072 τέλος.
740 1997 781 2066 de
815 1998 935 2085 quibus
965 1999 1162 2088 priusquam
1191 2000 1358 2068 faciamus

208 2107 375 2191 iudicium,
410 2106 512 2174 etiam
534 2106 595 2174 alii
617 2110 726 2174 testes
750 2104 908 2172 audiendi
931 2111 1026 2174 sunt:
1059 2107 1194 2174 namin
1216 2108 1357 2196 Proleg.

209 2214 318 2283 Arist.
337 2214 453 2302 Categ.
469 2214 534 2300 (IV
545 2215 574 2298 8,
588 2215 608 2279 6
626 2214 712 2297 Ber,
728 2211 837 2279 Cram.
851 2235 903 2280 an.
917 2212 955 2282 P.
967 2213 1020 2281 IV
1031 2215 1108 2301 412)
1138 2215 1220 2284 hacc
1250 2219 1359 2285 verba

206 2323 369 2410 leguntur
393 2323 470 2387 οὕτω
494 2322 619 2408 τρωθείς
642 2309 684 2394 τις
706 2323 737 2386 ἐν
759 2323 895 2408 πολέμωι
918 2321 973 2387 ὑπὸ
999 2322 1087 2409 φίλου
1111 2323 1190 2410 ἔφη·

296 2433 383 2498 αὐτόν
407 2427 438 2520 μ’
462 2431 631 2504 ἐξεσάωσα·
656 2432 683 2496 τί
707 2457 757 2516 μοι
782 2431 864 2518 μέλει
887 2430 974 2504 ἀσπὶς
997 2433 1113 2520 cxcivm

296 2542 417 2629 ἐρρέτω.

210 2650 298 2717 αὐτὸν
322 2650 373 2737 μέν
396 2653 448 2738 τὴν
472 2652 548 2716 ἰδίαν
573 2650 672 2738 ψυχὴν
695 2652 802 2730 εἰπών,
835 2652 947 2716 ἀσπίδα
978 2649 1010 2715 δέ
1032 2650 1064 2715 τὸ
1086 2648 1161 2718 ἴδιον
1186 2658 1275 2738 σῶμα
1297 2678 1357 2722 κα-

210 2762 310 2834 λέσας.
345 2761 503 2830 similiter
527 2760 790 2848 Olympiodorus
814 2760 849 2828 in
871 2761 961 2832 Plat.
978 2760 1082 2848 Gorg.
1097 2761 1211 2846 (Jahn.
1225 2763 1358 2832 Archiv

209 2871 296 2947 XIV
308 2870 386 2957 284)
409 2870 510 2937 dicit:
535 2870 740 2957 φροντίσωμεν
763 2871 814 2935 οὖν
837 2879 889 2935 τοῦ
909 2871 1046 2955 σωθῆναι
1068 2868 1121 2953 τὴν
1146 2871 1255 2958 ψυχήν,
1279 2872 1358 2936 εἰδό-

209 3005 257 3054 τες
280 2984 322 3053 ὡς
344 2979 381 3045 τά
402 2980 545 3066 χρήματα
566 2978 618 3045 καὶ
639 2978 672 3044 τὸ
697 2985 786 3066 σῶμα
810 2977 895 3046 οὐδέν
919 2982 1157 3067 συμβάλλονται·
1181 2982 1357 3067 ποιήσωμεν

210 3089 260 3156 οὖν
283 3091 299 3154 δ
323 3087 401 3154 εἶπεν
425 3091 553 3162 ἐκεῖνος·

298 3198 387 3264 αὐτὸν
411 3199 463 3284 μέν
488 3197 518 3285 μ>
541 3198 680 3265 ἐσάωσα·
704 3201 732 3266 τί
755 3226 805 3288 μοι
829 3201 911 3287 μέλει
934 3197 1021 3272 ἀσπὶς
1044 3198 1162 3285 ἐκείνη;

385 3303 506 3391 ἐρρέτω.
635 3293 640 3300 ’

129 3461 132 3467 ·
210 3411 472 3502 Olympiodorus
495 3415 582 3503 legit
605 3416 701 3501 αὐτόν,
728 3415 816 3503 quod
833 3414 979 3503 explicat
1004 3415 1141 3500 σωθῆναι
1163 3413 1215 3499 τὴν
1240 3416 1354 3502 ψυχήνι

139 3577 142 3585 .
208 3522 325 3612 itaqua
347 3547 414 3590 non
435 3523 522 3611 legit
546 3525 645 3613 ψυχὴν
670 3528 695 3588 δ’
719 3525 875 3598 ἐξεσάωσα
897 3528 960 3592 κτλ.
1006 3523 1129 3592 falsum
1158 3523 1230 3592 sine
1254 3523 1356 3591 dubio

211 3632 298 3704 αὐτός
332 3631 466 3720 pariter
495 3637 598 3722 atque
631 3635 734 3718 αὐτόν,
766 3634 922 3721 quoniam
952 3656 1013 3700 nec
1036 3634 1123 3706 αὐτός
1148 3627 1176 3718 μ’
1200 3632 1358 3705 ἐξεσάωσα

210 3765 271 3814 noc
286 3743 374 3811 αὐτόν
393 3739 417 3830 μ’
439 3742 594 3816 ἐξεσάωσα
610 3741 698 3810 ferri
712 3743 846 3828 potest:
871 3739 1060 3827 requiritur
1083 3740 1170 3807 enim
1189 3741 1231 3807 δέ.
1264 3740 1356 3812 ¹unde

211 3855 356 3942 apparat
389 3875 496 3940 neque
520 3848 799 3938 Olympiodorum
830 3869 937 3934 neque
959 3847 1106 3915 alterum
1129 3847 1356 3933 scholiastam,

211 3961 270 4049 qui
292 3960 380 4027 αὐτὸν
405 3960 432 4047 μ’
454 3960 609 4034 ἐξεσάωσα
633 3956 777 4039 exhibet,
803 3955 1000 4022 Archilochi
1022 3979 1142 4024 versus
1159 3955 1359 4024 anteceden-

209 4072 262 4138 tas
284 4070 436 4155 novissc;
470 4072 590 4136 auctor
613 4064 721 4152 igitur
745 4085 860 4130 eorum
884 4064 972 4147 (nam
987 4067 1166 4151 utrumque
1189 4063 1234 4130 ad
1256 4087 1359 4130 unum

210 4178 415 4268 eundemque
430 4182 603 4245 auctorem
618 4172 834 4240 referendum
849 4193 922 4238 esse
945 4172 981 4238 in
995 4176 1155 4260 promptu
1177 4172 1243 4257 est)
1266 4172 1358 4238 flori·

207 4288 297 4377 legio
321 4311 401 4356 usus
425 4308 498 4353 asse
521 4282 677 4365 videtur,
710 4279 833 4366 inquo
856 4278 971 4366 priore
995 4279 1139 4346 disticho
1163 4279 1285 4346 omisso
1310 4281 1359 4346 al·

207 4403 320 4468 terum
342 4397 451 4465 solum
479 4394 673 4480 legeretur„
709 4387 797 4454 idem
828 4395 964 4474 auctor,
999 4387 1035 4454 id
1066 4387 1155 4476 quod
1177 4387 1356 4457 Kaihclius

207 4533 259 4577 mc
282 4505 420 4588 monuit,
456 4501 660 4589 scripturam
683 4497 781 4586 ψυχὴν
806 4497 961 4570 ἐξεσάωσα
984 4521 1057 4564 cum
1079 4498 1192 4565 ultera
1216 4498 1304 4571 αὐτός
1330 4499 1356 4563 δ’
