3094 5002
731 295 773 367 68

257 476 406 559 γενναῖος]
428 473 518 564 apud
539 475 722 542 Homerum
744 499 811 542 non
832 475 961 563 legitur
983 475 1050 544 nisi
1074 474 1177 544 13253
1202 475 1236 540 ol
1259 473 1316 562 γάρ

174 609 224 670 μοι
246 589 378 669 γενναῖον
400 584 596 658 ἀλυσκάζοντι
619 585 772 673 μάχεσθαι
794 609 859 674 quo
882 587 955 654 loco
979 589 1128 672 γενναῖον,
1163 593 1203 656 ut
1225 585 1316 653 notis

170 693 374 762 Aristotelis
396 693 510 763 verbis
533 699 630 778 utar,
664 699 717 764 est
747 695 780 760 τὸ
809 695 850 783 μὴ
873 695 1059 784 ἐξιστάμενον
1083 698 1117 761 ἐκ
1139 703 1193 782 τῆς
1227 695 1317 762 αὑτοῦ

172 804 300 891 φθαεως.
344 804 386 873 de
408 804 542 892 generis
562 805 743 900 nobilitate
755 805 994 874 Archilochum
1007 807 1070 875 107
1094 805 1219 874 dixisse
1242 803 1321 892 πάρ·
1375 833 1379 838 -

173 916 263 997 ελθε,
296 917 428 999 γενναῖος
458 913 515 1002 γὰρ
549 913 591 988 εἷς
614 914 738 983 Athen.
750 913 838 985 XIV
853 916 942 984 65311
971 920 1134 985 testatur.
1181 914 1318 983 eandem

171 1024 239 1091 vim
267 1023 371 1091 habel
402 1024 491 1112 apud
514 1023 668 1091 HeroAI
684 1025 747 1091 146
764 1025 826 1092 173
857 1025 960 1096 Thus.
977 1025 1066 1095 Plat.
1082 1030 1193 1114 araga
1216 1025 1316 1092 hone-

172 1132 273 1201 statis
297 1157 416 1202 nomen
439 1156 460 1200 a
479 1133 621 1222 ‘magicis
645 1135 774 1203 factum
795 1159 869 1204 esse
891 1136 1038 1204 videaur.

175 1243 178 1246 ’
258 1239 367 1328 δῆμος]
396 1241 486 1330 apud
515 1241 619 1308 Arch.
634 1242 698 1309 184
730 1243 967 1312 meretriculae
1001 1243 1176 1333 epithehon
1209 1243 1315 1310 fuisse

167 1351 330 1420 traditur.
376 1350 539 1439 quomodo
562 1351 591 1418 is
620 1375 700 1419 usus
734 1357 830 1421 ortus
866 1353 922 1437 sit,
955 1354 1054 1423 docel
1086 1354 1178 1421 locus
1202 1351 1313 1418 Mala

167 1457 238 1526 οὐδὲ
262 1511 294 1527 ..
319 1458 413 1524 ἔοικεν
437 1463 532 1547 δῆμον
555 1461 642 1527 ἐόντα
664 1461 754 1549 παρὲξ
772 1464 962 1550 ἀγορευέμεν,
986 1486 1051 1553 quo
1068 1462 1201 1531 nomine
1216 1462 1313 1529 homo

166 1567 317 1658 plebeius
341 1569 475 1636 dicitur.
523 1569 688 1659 Cyprium
709 1571 854 1640 feminae
880 1572 1034 1661 publicae
1064 1595 1184 1642 nomen
1217 1571 1311 1658 δημίη

168 1679 258 1767 apud
280 1652 487 1766 hesychium
509 1679 648 1767 legitur.

260 1787 389 1874 ἔμπλην]
424 1788 514 1876 apud
535 1788 639 1857 Arch.
657 1790 718 1857 111
754 1790 868 1878 ἔμπλην
901 1793 974 1879 ἐμεῦ
1007 1816 1042 1877 γε
1073 1795 1137 1876 [πει
1161 1788 1312 1873 Kaibel.]

167 1896 217 1962 καί
235 1899 324 1982 φίλου
339 1897 510 1965 notionem
524 1898 619 1986 χωρίς
634 1899 746 1985 habet,
763 1924 863 1989 quam
874 1902 1022 1990 glossam
1033 1900 1148 1990 Apoll.
1159 1899 1260 1988 Soph.
1269 1899 1311 1965 67

167 2013 227 2072 τῶν
262 2009 339 2080 ἅπαξ
374 2009 540 2095 εἰρημένων
571 2031 644 2077 csse
672 2009 765 2077 dicit.
811 2011 1051 2080 Archilochum
1078 2010 1232 2077 imitatus
1259 2012 1315 2076 est

168 2115 299 2184 Gallim.
316 2117 347 2183 h.
365 2117 439 2185 Del.
456 2118 498 2183 72
541 2123 634 2206 φεῦγε
677 2119 702 2184 δ’
715 2121 770 2206 ὅλη
810 2120 961 2208 Πελοπηίς
1000 2123 1055 2206 ὅση
1096 2119 1310 2206 παρακέκλιται

169 2220 298 2312 ’ίοθμῶι
330 2225 445 2313 ἔμπλην
469 2227 614 2313 Αἰγιαλοῦ
647 2253 682 2314 γε
709 2231 772 2313 [τες
806 2229 1180 2318 1111111111.]καί’11ργεος,
1214 2227 1310 2310 unde,

169 2335 204 2401 id
227 2334 316 2424 quod
338 2335 514 2404 Kaibelius
538 2361 589 2406 me
612 2343 735 2423 monet,
764 2338 837 2407 Nic.
853 2339 954 2407 Ther.
968 2340 1031 2406 322
1054 2339 1170 2427 κεράων
1194 2337 1308 2424 ἔμπλην

169 2445 261 2530 δέμας
285 2444 421 2533 ἄμορφον
444 2467 505 2513 sua
527 2447 651 2515 housia.
696 2447 748 2517 his
771 2449 881 2536 igitur
903 2446 986 2520 10018
1003 2448 1116 2536 ἔμπλην
1133 2449 1221 2516 idem
1235 2446 1307 2514 fere

166 2558 219 2622 cst
242 2553 330 2642 quod
353 2556 439 2641 πλήν.

251 2665 355 2751 κέρας]
389 2663 502 2730 ἁπαλὸν
539 2667 629 2753 κέρας
652 2666 735 2734 Ach.
749 2667 812 2734 171
845 2690 908 2756 pro
942 2669 1057 2734 αἰδοίου
1091 2667 1223 2736 nomina
1254 2665 1312 2735 ad·

173 2771 283 2841 hibuit
290 2798 297 2860 γ
322 2774 404 2843 item
425 2775 577 2864 Melager
601 2776 663 2843 ΑΡ
679 2777 750 2843 ΧΠ
766 2778 831 2847 θὸι.

251 2885 395 2971 κροαίνω]
420 2885 522 2952 2507
538 2917 578 2942 =
596 2884 699 2952 0264
720 2887 867 2973 κροαίνων
891 2887 1023 2976 antiqui
1038 2887 1213 2977 (Hesych.)
1236 2909 1311 2954 ver·

165 2991 215 3060 bis
249 2997 309 3066 τοῖς
343 2994 412 3058 ποοί
440 2996 555 3082 κρούων
586 2995 819 3085 explicabant:
855 2997 945 3085 apud
967 2996 1070 3066 Arch.
1086 2998 1149 3064 176
1172 2998 1312 3066 verbum

165 3100 253 3168 idem
292 3103 404 3172 ¹ualuit
435 3104 525 3192 quod
562 3106 718 3191 ἐπιθυμεῖν
747 3105 860 3193 (schol.
875 3107 959 3175 Ven.
973 3107 1005 3172 A
1033 3110 1069 3175 et
1093 3106 1172 3174 Par.
1189 3105 1310 3192 2507),

166 3235 198 3278 v.
211 3233 242 3299 p.
256 3212 337 3282 59¹⁹.

246 3323 415 3409 παραείρω]
448 3323 538 3410 apud
559 3323 743 3390 Homerum
773 3347 838 3392 uno
871 3347 935 3412 quo
970 3328 1067 3393 extat
1096 3323 1303 3393 100011341

157 3427 268 3518 ἔσχεθε
300 3431 398 3498 δὀίον
430 3433 545 3519 δέρμα,
579 3434 739 3521 παρηέρθη
770 3432 803 3498 δὲ
832 3433 909 3522 κάρη
934 3435 1113 3522 genuinam
1135 3433 1306 3502 notionem

90 3579 93 3586 ·
156 3539 259 3608 habel
288 3541 352 3631 (‘=
370 3542 558 3629 παρηνέχθη
583 3542 697 3631 Apoll.
713 3543 784 3626 128,
802 3545 844 3610 23
860 3544 1041 3631 Hesych.);
1077 3543 1301 3610 Archilochus

155 3649 211 3720 942
234 3651 277 3724 τίς
301 3650 353 3725 οάς
377 3654 520 3738 παρήειρε
544 3653 653 3739 φρένας
666 3675 673 3738 ;
698 3653 874 3721 tralahicia
897 3677 978 3723 usus
1003 3657 1078 3738 ash3
1103 3677 1177 3720 cum
1192 3651 1307 3721 eadem

156 3763 276 3828 ulatur
301 3760 441 3850 Oppiam.
458 3760 525 3828 hal.
536 3762 589 3831 IV
604 3763 645 3828 19
669 3763 750 3849 παρά
772 3788 804 3828 τε
829 3765 924 3850 φρένα
947 3769 1045 3830 πᾶσαν
1069 3765 1166 3851 ἀεῖραι
1197 3788 1302 3850 μαινο-

156 3870 247 3958 μένην
269 3893 376 3959 neque
399 3870 512 3939 desint
536 3872 689 3960 exempla
712 3873 835 3941 similia
859 3873 1039 3941 Homerica
1072 3872 1168 3941 velut
1193 3872 1223 3936 Ψ
1238 3871 1301 3938 603

153 3979 219 4045 ἐπεί
247 3979 281 4045 οὔ
311 4005 338 4045 τι
369 3983 520 4068 παρήορος
555 3983 636 4069 (νόου
670 3985 821 4070 παρήορος
845 3982 1034 4070 Arausa)
1057 3983 1119 4048 οὐδ’
1146 3982 1299 4069 ἀεσίφρων

150 4091 234 4176 ἦσθα
250 4089 353 4177 πάρος·
383 4095 432 4156 νῦν
457 4092 528 4156 αὖτε
550 4093 639 4157 νόον
662 4093 765 4179 νίκησε
787 4093 880 4180 νεοίη,
905 4093 1008 4161 eliam
1030 4092 1128 4161 verbi
1143 4092 1297 4179 παραείρω

152 4199 268 4268 eadem
300 4200 394 4268 notio
430 4200 465 4268 in
499 4201 592 4290 epioa
623 4202 717 4290 poesi
740 4203 821 4270 olim
843 4202 1001 4271 extitisse
1023 4202 1170 4271 videtur.
1196 4239 1238 4250 -
1267 4199 1304 4268 cf

155 4309 302 4397 Hesych.
327 4311 476 4399 παρηρία·
508 4311 615 4398 μωρία.

235 4421 323 4509 πρόξ]
356 4421 418 4490 hoc
447 4421 541 4489 cervi
573 4444 693 4490 nomen
724 4419 842 4510 (9295)
866 4421 970 4490 Auoh.
986 4422 1050 4488 188
1072 4420 1116 4488 ad
1138 4420 1304 4490 hominem
