3094 5002
795 303 838 370 40

244 481 331 549 binis
355 480 437 549 colis
461 480 657 569 aequalibus
680 481 826 547 constat.
862 478 909 546 sic
932 479 973 546 de
985 478 1189 547 Archilocho
1210 478 1296 545 nihil
1318 502 1400 547 con-

244 594 317 661 stat
339 591 406 658 nisi
422 591 534 658 simias
558 591 592 656 in
609 591 727 657 fabula
749 588 902 676 quadam,
928 588 1028 656 simili
1051 588 1148 656 modo
1173 611 1236 678 quo
1253 589 1402 657 Hesiodi

244 701 349 786 fucos,
373 701 535 789 pigritiae
551 705 590 768 ut
612 700 749 767 videtur
766 699 954 786 exemplum
969 699 1085 766 fuisse.
1120 699 1186 766 alio
1202 699 1310 786 igitur
1326 723 1400 765 mu·

243 833 325 880 uere
348 811 483 880 functae
518 813 596 892 sunt
630 807 733 897 atque
760 809 795 875 in
828 831 867 875 ea
889 809 1006 875 fabula
1037 809 1242 896 pervulgate
1265 809 1306 877 de
1329 831 1400 896 qua
1523 851 1524 898 3

245 919 385 989 Crusius
408 921 443 986 in
467 919 618 1008 opusculi
641 919 738 985 initio
762 941 823 984 nos
847 919 990 986 edocuit.

288 1033 290 1036 ’
330 1031 403 1099 Iam
426 1031 550 1119 spuriis
574 1029 773 1118 quibusdam
795 1028 998 1114 fragmentis
1024 1049 1159 1116 operam
1182 1027 1307 1097 demus.

330 1139 365 1206 fr
380 1124 423 1206 1'4
444 1139 656 1207 Aristoteles
681 1136 858 1205 nanus.
876 1139 980 1207 uus
1004 1139 1054 1205 aa
1078 1141 1183 1205 affere
1207 1137 1256 1204 aa
1278 1136 1335 1225 γορ
1358 1139 1394 1202 τι

243 1252 387 1338 χρήσιμοι
409 1247 484 1316 εἶναι
509 1253 643 1337 φιλοῦσιν
667 1250 814 1334 ἀλλήλους
837 1246 888 1312 καὶ
905 1247 991 1334 ρεχρὶ
1014 1249 1131 1330 τούτου,
1156 1252 1257 1336 ὥσπερ
1280 1252 1299 1335 ἡ
1323 1273 1395 1314 πα-

246 1360 395 1446 ροιμία·

333 1469 442 1533 Γλαῦκ’
458 1469 612 1554 ἐπίκουρος
633 1467 709 1554 ἀνὴρ
725 1469 830 1532 τόσσον
848 1468 942 1554 φίλος,
966 1466 1035 1532 ἔσκε
1059 1468 1191 1556 μάχηται
1215 1467 1274 1559 [τὸν
1300 1469 1394 1556 σορὸν

245 1578 346 1665 pilos:
370 1578 510 1666 Bergk}
554 1577 773 1661 Aristotelea,
807 1601 880 1644 cum
904 1577 994 1644 dicat
1017 1601 1153 1646 versum
1175 1579 1395 1666 proverbium

244 1711 327 1771 esse,
352 1689 393 1755 de
415 1687 618 1754 Archilocho
641 1710 708 1753 non
730 1688 870 1774 cogitat.
905 1709 1186 1755 reveraversum
1208 1691 1250 1756 ab
1271 1689 1393 1756 Archi-

247 1799 342 1866 locho
367 1798 511 1865 alienum
535 1821 607 1864 csse
623 1797 766 1864 metrica
786 1797 920 1864 ratione
936 1801 1196 1865 consentaneum
1218 1803 1290 1884 est;
1314 1803 1393 1866 nani

244 1912 280 1974 et
302 1908 338 1973 in
360 1909 516 1993 ἐπίκουρος
539 1913 574 1974 et
596 1907 632 1988 in
648 1908 722 1992 trip
738 1906 966 1973 Alexandrini
981 1907 1039 1995 qui
1062 1907 1188 1976 dicitur
1203 1909 1394 1977 hexametri

232 2009 337 2104 leges
369 2039 390 2084 a
412 2017 467 2086 W.
491 2017 631 2104 Meycro
658 2015 735 2103 (act.
754 2039 818 2082 soc.
836 2015 919 2084 Bav.
938 2016 1032 2099 1885,
1050 2018 1128 2102 980)
1150 2025 1309 2107 repertae
1336 2043 1392 2086 ne·
1505 2049 1524 2108 j

242 2128 375 2214 glectae
398 2131 486 2210 sunt,
511 2149 593 2214 quas
617 2125 840 2216 Archilochus
865 2129 999 2193 secutus
1023 2129 1085 2194 est.
1523 2131 1524 2136 ’

331 2237 372 2304 de
395 2237 430 2302 fr
446 2237 486 2301 15
518 2235 597 2324 quid
621 2233 837 2302 statuendum
866 2236 926 2318 sit,
959 2235 1151 2303 iamdudum
1173 2237 1327 2306 Hillerus
1355 2239 1392 2306 in

243 2346 454 2414 Fleckeiseni
476 2346 586 2412 annal.
613 2345 706 2426 1889,
719 2344 783 2410 344
807 2344 931 2432 optime
956 2347 1125 2434 exposuit:
1151 2347 1334 2433 Syrianum
1355 2348 1392 2416 in

244 2456 346 2524 schol.
363 2454 708 2541 Hermog.16,12n.
738 2477 812 2520 eum
842 2477 978 2523 versum
1009 2463 1064 2521 τῶι
1086 2458 1117 2522 ἐν
1142 2457 1283 2544 Μιλήτιοι
1314 2461 1392 2525 θεῶν

242 2565 413 2648 tribuere;
436 2564 525 2631 idem
547 2562 623 2629 fieri
645 2563 680 2627 in
704 2563 806 2632 schol.
830 2585 926 2630 anon.
951 2587 972 2632 a
995 2565 1138 2633 Maximo
1162 2567 1315 2636 Planude
1336 2593 1391 2637 rc-

242 2675 362 2763 petitis
386 2676 419 2743 V
431 2673 568 2740 441W.:
594 2676 713 2739 contra
728 2673 918 2741 -Iohannem
935 2674 1130 2744 Siceliotam
1146 2677 1306 2747 ViaeW.
1323 2679 1392 2746 Ar·
1523 2709 1524 2786 ,

244 2784 386 2852 chilochi
408 2807 527 2851 nomen
556 2784 730 2870 praebere.
776 2781 835 2849 sed
867 2787 1047 2873 utrumque
1081 2786 1264 2872 syrianum
1296 2791 1392 2878 sequi
1523 2801 1524 2874 ,

243 2893 435 2961 iamdudum
457 2896 624 2975 constare,
648 2914 768 2959 nomen
790 2892 899 2979 igitur
921 2916 942 2960 a
964 2895 1112 2962 Iohanne
1135 2896 1300 2965 insertum
1324 2921 1392 2966 om·
1523 2889 1524 2928 l

242 3004 320 3071 nino
344 3003 469 3070 nullius
494 3025 567 3069 esse
591 3001 820 3069 auctoritatis.
860 3007 980 3071 contra
1003 3027 1074 3072 eam
1096 3007 1392 3077 ratiocinationem

246 3113 325 3206 quid
341 3111 492 3200 proferri
503 3111 621 3198 possit,
647 3111 799 3197 equidem
815 3135 881 3178 non
896 3113 1005 3181 video.
1040 3115 1138 3183 immo
1155 3118 1286 3204 gaudeo
1302 3119 1393 3206 quod

241 3224 312 3290 tale
336 3222 463 3288 dictum
485 3244 551 3286 non
574 3220 772 3286 Archilochi
795 3244 868 3289 esse
890 3223 1095 3309 gravissima
1117 3248 1218 3293 causa
1241 3251 1391 3316 compro·
1523 3299 1524 3312 ,

239 3334 356 3399 batum
386 3335 448 3398 est.
493 3353 600 3418 neque
630 3336 723 3396 recte
754 3330 838 3398 iecit
861 3331 1010 3418 Orusius,
1045 3335 1103 3423 qui
1132 3336 1208 3424 τύχη
1233 3342 1269 3405 et
1299 3343 1390 3425 μοῖρα
1523 3353 1524 3356 ’

243 3440 383 3508 insertis
396 3433 665 3506 Archilocheam'
678 3440 881 3507 sententiam
903 3443 988 3508 effici
1012 3444 1076 3510 sibi
1099 3447 1271 3533 persuasit
1282 3447 1389 3516 Anth.

241 3550 339 3639 pXI,
369 3549 488 3637 quibus
522 3549 717 3616 hexameter
751 3549 894 3617 deletur.
930 3576 1068 3621 uersus
1102 3556 1302 3624 recentioris
1336 3579 1390 3624 ae-

240 3659 325 3726 tatis
350 3681 423 3726 esse
446 3658 603 3742 videtur,
637 3658 690 3724 cui
712 3659 956 3747 praemittatur
980 3663 1099 3731 similis
1131 3665 1217 3732 οὐδὲν
1240 3665 1310 3732 ἄνευ
1333 3691 1391 3732 κοι-

242 3769 335 3854 ράτου
360 3769 442 3834 πέλει
464 3767 604 3856 ἀνδράσιν
621 3767 740 3841 εὐπετὲς
762 3768 856 3854 ἔργον,
880 3771 937 3857 qui
952 3770 1043 3839 inter
1055 3755 1393 3864 Pseudophocylidea

241 3879 304 3946 162
327 3877 465 3966 legitur.
511 3877 615 3946 etiam
636 3878 672 3945 id
686 3877 899 3966 profecimus
925 3881 1014 3968 quod
1037 3884 1150 3952 brevis
1166 3886 1292 3953 vocalis
1310 3891 1391 3956 ante

239 3991 366 4056 mutam
388 4012 461 4056 cum
482 3988 612 4077 liquida
635 4013 667 4052 τε
691 3987 808 4074 βροτείη
841 3987 876 4054 in
899 3989 1105 4059 Archilocho
1140 3999 1318 4084 correptae
1341 3998 1391 4064 al·.

238 4102 351 4165 terum
366 4098 504 4167 evanuit
520 4097 715 4186 exemplum.
761 4118 901 4184 parvam
919 4100 1110 4189 scripturae
1127 4104 1391 4193 discrepantiam
1523 4117 1524 4124 ’

239 4207 489 4295 praeterissem,
513 4208 580 4275 nisi
598 4206 820 4272 Hoffmannus
842 4207 1062 4278 cautam
1085 4235 1124 4280 ea
1144 4216 1266 4282 abusus
1287 4219 1388 4284 esset

239 4341 301 4406 pro
315 4316 455 4404 Syriani
475 4321 510 4385 et
521 4315 681 4384 Iohannis
698 4314 870 4403 scriptura
887 4319 1007 4405 θνητοῖς
1022 4321 1057 4386 in
1070 4323 1274 4391 scholiorum
1290 4347 1387 4393 anon.

239 4427 406 4496 codicibus
426 4427 554 4494 duobus
574 4424 741 4492 Parisinis
758 4427 793 4491 et
806 4426 1000 4498 Monacensi
1014 4431 1143 4519 legitur
1162 4436 1284 4522 βροτοῖς,
1302 4439 1394 4522 quae·

241 4535 312 4605 sine
328 4537 536 4607 auctoritate
552 4535 673 4603 effecta
695 4533 784 4622 (nam
808 4557 849 4603 ex
872 4539 992 4631 βροτείη
1016 4546 1179 4632 corrupta
1201 4565 1275 4613 esse
1297 4544 1390 4615 vide·
