3094 5002
715 351 757 420 17

163 527 223 595 alii
273 527 402 596 scilicet
450 526 760 596 Alexandrinorum
811 528 1020 618 temporibus
1070 551 1137 596 non
1188 528 1310 598 extite-

161 641 253 705 runt.

251 770 323 814 cum
346 746 408 812 hac
430 769 469 813 re
491 767 557 813 non
581 745 739 813 cohaeret
762 745 1004 833 Aristophanis
1033 744 1191 813 iudicium
1220 743 1310 835 apud

164 855 231 923 Cio.
253 854 296 920 ad
317 856 395 922 Att.
412 853 598 936 XV111‚2
643 859 833 937 servatum,
875 853 934 940 qai
964 853 1204 920 Archilochum
1233 875 1311 942 per·

160 963 274 1051 magni
290 963 510 1048 aestimabat3
545 961 662 1029 Cicero
686 962 729 1028 ad
743 962 900 1030 Atticum
924 962 1044 1031 scribit
1074 965 1158 1046 quod
1189 965 1309 1028 cereris

160 1076 201 1138 'nc
223 1073 388 1159 ἀδόλεσχος
410 1073 489 1136 inihi
512 1079 563 1152 lu,
599 1071 669 1152 puis
703 1072 828 1154 minus,
868 1073 918 1136 aui
951 1079 986 1136 ut
1008 1070 1221 1154 Aristophani
1244 1072 1309 1134 Ar·

160 1182 289 1247 chilochi
322 1181 444 1246 iarnhus
475 1181 521 1245 sic
553 1179 690 1260 epistula
723 1180 908 1262 lonpissima
943 1199 1080 1262 quaeque
1113 1181 1230 1261 optima
1263 1179 1309 1243 ci·

159 1292 262 1356 detur.
295 1329 338 1338 -
375 1288 442 1355 iam
472 1292 584 1356 totum
612 1287 707 1353 illum
742 1285 945 1370 Quintiliani
976 1287 1085 1354 locum
1121 1287 1307 1376 perlustre-

160 1420 250 1464 mus:
297 1400 352 1464 sed
385 1399 460 1463 dum
493 1401 703 1480 adsequamur·
738 1395 869 1484 [inaure
907 1394 1020 1483 Halm]
1059 1395 1147 1461 illam
1182 1399 1308 1480 (irruam

160 1514 194 1571 ut
241 1509 311 1573 dial
345 1509 547 1590 facilitatem,
601 1508 728 1588 optimis
773 1507 1019 1572 adsuescendum
1058 1511 1105 1572 est
1143 1509 1171 1571 et
1208 1507 1308 1571 rnulta

162 1617 265 1699 inopis
296 1639 389 1698 qnam
422 1617 590 1682 multorum
633 1616 760 1680 lectione
797 1615 969 1697 formanda
1007 1635 1094 1680 mens
1133 1621 1162 1680 et
1196 1615 1307 1680 ducen-

160 1725 220 1790 dus
263 1727 354 1792 colar.
427 1728 532 1808 itaque
568 1747 607 1790 ea
653 1724 754 1788 trihus
795 1725 926 1804 receptis
962 1721 1146 1788 Aristarchi
1192 1724 1309 1788 iudicia

160 1833 368 1916 scriptoribus
396 1835 571 1899 iamborum
604 1834 647 1898 ad
680 1833 736 1903 ἕξιν
769 1833 904 1896 uranicae
932 1829 1107 1913 pertinebit
1137 1852 1219 1896 iunius
1241 1831 1308 1896 Ar·

162 1942 365 2029 chilochusil.
425 1965 547 2009 summa
585 1945 618 2008 in
656 1943 712 2008 hoe
750 1945 799 2006 cis
837 1941 1037 2023 elocutionis,
1076 1961 1146 2007 curn
1182 1941 1309 2006 calidae

161 2059 228 2118 tum
262 2053 366 2118 breues
400 2053 619 2134 vibrantesque
649 2053 839 2129 sententiae,
884 2051 1061 2131 plurimum
1094 2050 1226 2134 saupnis
1259 2055 1308 2114 at·

161 2183 218 2244 pue
242 2181 426 2239 navorum,
461 2161 538 2226 adeo
569 2166 605 2225 ut
592 2162 771 2226 irrideatur
804 2159 1008 2242 quibusdam,
1042 2160 1123 2241 qnod
1155 2177 1308 2241 quaquam

162 2269 240 2352 (ie
263 2267 425 2354 Homero)
458 2270 560 2334 minor
590 2276 635 2334 est
664 2269 815 2333 materiae
851 2287 917 2332 esse
945 2287 1011 2332 non
1032 2267 1155 2350 inpenii
1187 2269 1310 2333 citium.

161 2377 283 2446 ultima
330 2377 445 2444 iudicii
493 2399 573 2464 pars
611 2376 703 2444 redit
751 2375 842 2463 apud
882 2374 975 2442 Plut.
997 2373 1038 2441 de
1061 2373 1135 2440 aud.
1161 2374 1212 2440 13.
1235 2373 1307 2441 aab

162 2488 309 2575 μέμψαιτο
343 2486 408 2550 δ’ἄν
442 2511 484 2559 τις
520 2485 571 2570 μὲν
602 2485 655 2570 τὴν
690 2483 806 2571 Ἀρόχιλ
808 2509 864 2571 χου
904 2483 1045 2549 ὑπόθεσιν
1078 2487 1139 2549 κτλ.
1197 2483 1306 2550 simile

159 2595 285 2684 quid
276 2618 311 2660 1n
341 2593 451 2660 animo
483 2594 608 2660 habere
645 2593 784 2661 videtur
814 2591 1166 2680 Horat.ep.119‚23
1193 2592 1309 2658 Parios

160 2725 213 2792 epo
243 2705 370 2786 prinus
407 2703 523 2768 iambos
563 2704 685 2768 ostendi
719 2703 813 2767 Latio
849 2723 994 2767 numeros
1037 2703 1218 2784 animasque
1261 2721 1307 2767 se·

161 2819 250 2879 cutus
285 2804 481 2894 Archilochi,
522 2832 608 2876 nan
644 2831 716 2876 res
755 2819 794 2877 et
832 2813 1024 2896 apenlia
1060 2811 1196 2876 acrba
1233 2813 1307 2895 Lp-

158 2923 340 2988 camhcn
393 2919 446 3008 (cf
473 2919 595 2986 lulian.
627 2921 772 3008 pasca
812 2920 975 3007 Synesius
1020 2919 1061 2986 de
1106 2919 1245 2986 insomn.
1283 2943 1305 3007 p

161 3029 253 3116 156).
331 3029 394 3096 hoc
427 3028 535 3115 igitur
575 3028 616 3095 de
651 3028 848 3095 Archilochi
881 3028 1025 3096 materia
1058 3027 1216 3094 iudicium
1256 3050 1308 3096 sa-

159 3138 207 3206 tis
235 3137 347 3204 nobile
377 3142 412 3205 et
442 3136 682 3224 pervulgatam
718 3140 802 3205 erat.
856 3138 959 3206 etiam
988 3137 1124 3225 legendi
1150 3159 1307 3227 praecep·

163 3251 236 3314 tum
270 3245 379 3312 simile
413 3246 545 3334 saepius
579 3246 708 3333 legitur
739 3247 835 3314 velut
867 3269 919 3336 ap.
943 3246 1085 3335 Longin.
1110 3246 1188 3334 τέχν.
1205 3269 1226 3334 p
1245 3247 1307 3314 187

163 3355 221 3444 qai
255 3356 438 3422 Homerum
471 3354 776 3443 Archilochumque
793 3358 948 3445 *praeter
982 3355 1066 3423 alios
1101 3355 1170 3442 legi
1203 3355 1307 3440 iubet,

163 3464 315 3532 Menand.
347 3491 376 3529 π.
401 3447 611 3530 'insternuntur
650 3465 784 3531 111393
801 3463 856 3552 Sp.
893 3501 933 3514 -
969 3485 1035 3552 qua
1068 3463 1103 3529 in
1133 3485 1178 3530 re
1206 3464 1309 3531 etiam

161 3573 197 3642 id
219 3573 542 3642 commemorandum
574 3578 627 3640 est
657 3577 792 3642 veteres
822 3574 863 3641 de
886 3575 1077 3641 fabularum
1101 3597 1164 3640 usu
1187 3574 1308 3640 Archi·

163 3682 279 3750 lochso
312 3681 536 3771 quaesivisse:
576 3682 740 3751 Philostr.
765 3684 819 3752 im
836 3684 996 3750 112981(
1024 3685 1153 3768 ἐμέλησε
1178 3682 1308 3770 μὲνγὰρ

160 3789 212 3856 καὶ
240 3785 382 3876 Ὁμήρωι
422 3791 527 3876 μύθων
572 3790 737 3878 [-ωι;-ων
770 3792 897 3859 Reishe
929 3792 965 3858 cf
985 3792 1077 3858 Theo
1100 3812 1195 3881 prag.
1213 3791 1307 3859 1173

162 3897 234 3988 Sp]
267 3895 502 3979 ual‘Hocdhou,
539 3900 582 3965 ἔτι
606 3901 639 3965 δὲ
661 3901 712 3968 καὶ
732 3900 912 3989 Ἀρχιλόχωι
934 3900 1005 3987 πρὸς
1027 3901 1207 3988 Λυκάμβην,
1240 3901 1306 3965 ἀλλ’

159 3995 307 4074 Aladirrou
340 4011 436 4074 adura
476 4008 514 4074 τὰ
544 4018 603 4076 τῶν
644 4013 811 4098 ἀνθρώπων
851 4012 1079 4098 ἐκμεμύθωνται
1116 4013 1189 4092 nah,
1229 4033 1308 4098 quo·

162 4142 234 4186 cum
258 4119 428 4186 consentit
450 4119 524 4187 fere
547 4120 590 4186 ad
612 4123 753 4188 verbum
771 4121 863 4188 Theo
887 4143 983 4208 prag.
1001 4119 1023 4185 l.
1038 4142 1080 4204 s.;
1112 4118 1233 4186 lulian.
1258 4142 1308 4188 or.

160 4223 190 4294 7.
203 4227 295 4294 2071>
326 4249 364 4294 eo
388 4228 430 4293 ab
453 4227 505 4294 his
531 4227 650 4297 differt
673 4229 761 4317 quod
784 4228 923 4295 Homeri
949 4226 1135 4315 exemplum
1158 4228 1306 4296 omittit:

160 4335 219 4424 qui
240 4334 390 4403 Hesiodo
413 4335 521 4403 allato
544 4337 660 4424 pergit
690 4339 705 4400 h
729 4336 762 4401 δὲ
787 4335 861 4424 μετὰ
882 4340 983 4402 τοῦτον
1007 4336 1184 4423 Ἀρχίλοχος
1201 4341 1326 4434 ’ὥσπερι

233 4543 262 4613 h)
281 4542 316 4600 ci.
336 4543 427 4602 Praei.
444 4544 462 4599 l.
484 4545 557 4608 infra
576 4547 665 4607 adsca
684 4544 829 4621 Ἀρχίλοχός
848 4566 876 4601 τι
894 4547 907 4600 h
928 4545 1018 4620 Πάριος
1038 4545 1145 4617 ἄριστος.

1041 4639 1063 4704 2
