3094 5002
757 326 799 394 68

204 499 266 568 uh.
283 501 356 568 247.
374 501 450 588 251)
473 500 611 570 Aurora
636 503 806 592 ῥοδόπηχυς
831 501 1024 590 appellatur
1048 501 1106 591 qui
1128 501 1194 570 loci
1216 501 1253 571 in
1284 502 1347 572 hac

203 629 240 674 re
263 607 475 677 decernenda
501 609 585 676 nihil
609 609 735 678 valent.
776 609 974 678 Archilochi
996 609 1103 698 ipsius
1127 611 1200 679 fere
1224 615 1351 701 tempo·

202 714 295 784 ribus
323 739 436 784 rosam
471 717 507 784 in
528 717 649 786 Attica
671 717 823 806 ignotam
846 718 952 787 fuisse
974 718 1127 787 Hehnius
1151 743 1193 786 ex
1214 719 1247 786 h.
1274 719 1350 788 Cer.

202 823 357 911 collegit,
389 825 425 892 in
456 848 521 914 quo
553 830 692 915 praeter
724 827 957 895 Oceanitidum
987 825 1348 894 nominaremus

197 927 335 1018 Ῥοδόπη
352 933 417 998 422
440 932 659 1001 inveniuntur
683 935 794 1021 ρόδοιθ
818 937 853 1001 ct
877 933 980 1020 ῥοδέαι
995 933 1121 1008 κάλυκες
1139 934 1214 1019 427,
1238 938 1276 1002 at
1298 934 1356 1001 in-·

201 1049 256 1110 ter
279 1041 364 1110 alios
388 1042 489 1111 flores
513 1043 548 1110 in
570 1047 671 1132 prato
702 1043 874 1112 florentes.
920 1043 956 1110 in
979 1043 1083 1134 Cypr.
1107 1045 1142 1111 fr
1157 1045 1193 1115 δι
1208 1044 1265 1112 Ki.
1299 1045 1346 1112 le·

202 1153 298 1241 gitur
329 1155 417 1240 ῥόδου
441 1152 465 1215 τ’
474 1150 515 1217 ἐνὶ
538 1149 625 1215 ἄνθεϊ
647 1153 752 1236 καλῶν,
778 1151 822 1218 ad
844 1173 929 1239 quac
950 1153 1057 1219 verba
1080 1151 1278 1222 Archilochi
1294 1153 1352 1224 292

204 1265 293 1349 ῥοδῆς
315 1286 347 1326 τε
369 1259 460 1326 καλὸν
485 1260 575 1333 ἄνθος
598 1282 704 1348 prope
727 1259 890 1327 accedunt
913 1282 977 1348 quo
1001 1259 1076 1327 loco
1108 1260 1217 1349 primo
1252 1283 1352 1331 rosae

203 1370 321 1436 frutex
342 1371 630 1436 commemoratur.
676 1367 758 1434 ficus
783 1368 872 1457 apud
895 1369 1080 1436 Homerum
1100 1391 1168 1436 non
1198 1369 1349 1438 occurrit

202 1475 270 1544 nisi
291 1475 492 1544 recentioris
516 1477 657 1564 originis
672 1476 755 1545 loeis
770 1506 795 1542 ω
810 1477 874 1543 246
887 1476 1141 1565 (Wilamowitz.
1159 1481 1252 1546 Hom.
1277 1480 1350 1548 unt.

202 1585 295 1674 pue)
319 1589 354 1652 et
377 1586 474 1653 λ590
498 1617 538 1642 =
562 1613 581 1672 η
600 1586 672 1669 116,
697 1609 779 1675 quos
803 1586 894 1654 locos
918 1585 1206 1656 Wilamowitzius
1230 1587 1274 1656 ib.
1288 1589 1353 1654 198

204 1694 283 1762 169⁶
311 1696 405 1770 recte
428 1693 632 1761 Archilocho
661 1693 868 1762 recentiores
900 1693 1025 1762 hebere
1064 1693 1219 1780 videtum
1260 1701 1348 1762 σῦκον

206 1800 288 1868 δ’ἐπὶ
312 1802 405 1868 σύκων
428 1806 662 1870 maturescunt
678 1802 714 1869 in
726 1802 870 1870 Antinoi
890 1802 989 1870 horto
1012 1803 1118 1888 η121.
1166 1825 1269 1892 quare
1285 1805 1353 1872 Ar-

205 1903 347 1976 chilochi
370 1917 444 1996 συκῆ
470 1911 594 1998 πετραίη
613 1911 666 1980 19ι
692 1914 727 1978 et
750 1909 854 1977 Paria
877 1916 953 1976 σῦκα
969 1911 1009 1978 51
1033 1910 1124 1982 inter
1153 1912 1263 2000 prima
1295 1937 1352 1980 vo·

207 2016 254 2085 cis
277 2017 474 2096 testimonie
497 2018 649 2087 habenda
673 2022 771 2098 sunt3
796 2018 884 2087 idem
906 2041 1026 2087 nomen
1049 2020 1271 2107 Συκοτραγίὸης
1291 2021 1354 2090 194

205 2127 401 2215 composuit.

292 2232 459 2302 Homerus
494 2233 548 2301 cui
586 2232 700 2300 vinum
733 2231 1012 2318 usitatissimum,
1046 2236 1200 2321 σταφυλῆς
1233 2259 1355 2305 nomen

204 2347 321 2410 notum
345 2365 419 2410 esse
441 2345 585 2424 constat,
609 2345 723 2409 tamen
745 2339 832 2408 acini
855 2340 986 2409 nomine
1009 2364 1075 2409 non
1098 2342 1228 2428 utitur;
1258 2341 1353 2410 cuius

203 2450 471 2518 uetustissimum
503 2449 733 2518 testimonium
768 2453 821 2516 est
844 2449 1039 2517 Archilochi
1064 2450 1124 2516 191
1158 2450 1217 2540 qui
1238 2473 1353 2518 secun·

205 2560 283 2626 dum
306 2558 454 2626 lonicam
477 2557 659 2626 dialectum
681 2579 744 2645 pro
769 2559 857 2643 βαρύς
880 2558 1025 2627 formam
1048 2559 1143 2644 ρωρός
1174 2558 1352 2627 scribebat.

203 2673 398 2756 κοκκυμήλων
421 2692 541 2736 nomen
562 2667 652 2757 apud
666 2659 816 2735 'eundem
837 2667 981 2756 primum
994 2667 1056 2735 173
1071 2666 1210 2755 legitur.
1249 2669 1353 2738 etiam

205 2777 354 2864 μεσπίλου
368 2775 593 2844 Archilochus
613 2776 677 2842 180
700 2775 827 2864 primus
851 2775 1054 2843 mentionem
1077 2776 1169 2844 fecit.
1214 2781 1351 2864 myrtus

204 2909 302 2976 quem
324 2887 481 2954 arborem
503 2892 622 2954 auctor
644 2885 676 2951 h.
694 2885 795 2952 Mero.
814 2884 866 2971 (81
894 2885 1114 2971 μυρσινοειδέας
1132 2875 1231 2969 ὄζους)
1254 2885 1352 2953 novit

204 2994 293 3083 apud
315 2993 556 3062 Archilochum
571 2994 626 3064 291
653 2992 782 3082 legitur
810 2991 923 3080 ἔχουσα
956 2991 1066 3058 θαλλὸν
1100 2992 1239 3080 μυρσίνης
1269 2993 1352 3080 ἐτέρ-

205 3128 294 3170 πετοε
329 3124 529 3192 quamquam
558 3100 767 3170 reticendum
790 3115 864 3167 ‘non
898 3104 951 3168 est
974 3101 1083 3167 Bere
1106 3101 1184 3169 Elei
1207 3100 1273 3169 loci
1295 3124 1353 3169 no·

205 3237 281 3284 men
301 3213 371 3302 legi
395 3210 545 3298 Μύρσινος
569 3210 764 3296 ἐσχατόωσσ;
798 3213 934 3296 myrtus
965 3208 1073 3296 igitur
1096 3209 1237 3278 Homeri
1267 3211 1352 3278 tem-

206 3323 346 3414 poribus
369 3326 470 3390 notus
495 3319 602 3386 fuisse
624 3317 762 3385 videtur
774 3316 821 3404 ²⁴).

223 3463 225 3468 ·
291 3433 345 3498 Ex
367 3434 445 3499 tota
466 3430 530 3496 hac
551 3425 698 3494 materia
721 3425 806 3492 satis
830 3426 938 3493 multe
962 3426 1091 3495 discere
1107 3426 1271 3495 videmur.
1310 3428 1352 3495 si·

204 3541 337 3630 quidem
368 3539 404 3606 in
439 3534 615 3604 interioris
651 3536 771 3621 poetae
803 3532 906 3600 enimi
927 3522 1061 3622 partein
1084 3534 1138 3600 hic
1160 3535 1232 3603 illic
1253 3560 1352 3624 pene·

203 3649 370 3717 crevimus
394 3664 594 3734 quamquam
617 3664 637 3709 e
660 3640 794 3709 delectu
825 3642 1006 3708 verborum
1039 3642 1178 3730 egressi.
1224 3643 1352 3712 inveni-

203 3780 276 3838 mus
300 3755 409 3823 multa
432 3752 467 3818 in
492 3752 585 3840 epiea
606 3748 702 3838 poesi
735 3747 906 3832 inaudita,
945 3749 1054 3817 multa
1084 3750 1162 3820 inde
1193 3757 1351 3842 recepta:

205 3867 240 3934 in
270 3865 323 3933 his
358 3863 441 3952 ipsis
476 3860 642 3947 insignem
675 3857 872 3926 Archilochi
906 3857 1102 3927 libertatem
1136 3861 1352 3950 cognovimus

204 3977 306 4046 etiem
321 3975 364 4042 iis
389 3967 645 4061 praetermissis
668 3965 964 4056 pulcritudinibus
989 3989 1073 4056 quae
1097 3970 1272 4039 sentiendo
1295 3995 1353 4061 po·

202 4085 272 4153 tius
288 4080 498 4169 reliquimus.
566 4097 687 4144 novam
710 4079 823 4142 autem
839 4074 1080 4162 quaestionem,
1098 4100 1183 4165 quae
1196 4078 1259 4146 hoc
1277 4079 1351 4147 loco

205 4192 333 4276 oritur,
366 4189 517 4256 mdicare
547 4186 649 4269 licet,
685 4209 752 4253 non
784 4183 952 4272 expedire.
1006 4186 1160 4255 consulto
1194 4188 1287 4257 inter
1316 4190 1353 4256 fi-

205 4322 309 4391 guras
343 4298 468 4367 allatas
498 4296 590 4364 locos
621 4292 735 4382 recepi
764 4292 884 4381 quibus
906 4292 1107 4379 hymnorum
1131 4295 1187 4364 vel
1209 4295 1354 4367 aliorum

212 4461 419 4476 ..ὴ-ισ--α--ι

280 4551 327 4624 24)
348 4550 376 4607 cf
384 4549 521 4621 Englerus
534 4563 579 4618 op.
588 4544 725 4604 Hchnium
738 4544 756 4599 l.
766 4543 802 4600 a·
810 4543 872 4600 229.
