<?xml version="1.0" encoding="UTF-8"?>
<!DOCTYPE html PUBLIC "-//W3C//DTD XHTML 1.0 Transitional//EN"
    "http://www.w3.org/TR/xhtml1/DTD/xhtml1-transitional.dtd">
<html xmlns="http://www.w3.org/1999/xhtml" xml:lang="en" lang="en">
 <head>
  <title>
</title>
<meta http-equiv="Content-Type" content="text/html;charset=utf-8" />
  <meta name='ocr-system' content='tesseract 3.04.00' />
  <meta name='ocr-capabilities' content='ocr_page ocr_carea ocr_par ocr_line ocrx_word'/>
</head>
<body>
  <div class='ocr_page' id='page_1' title='image "./qvaestionesarch00bahngoog_0058.png"; bbox 0 0 3094 5002; ppageno 0'>
   <div class='ocr_carea' id='block_1_1' title="bbox 778 305 786 332">
    <p class='ocr_par' dir='ltr' id='par_1_1' title="bbox 778 305 786 332">
     <span class='ocr_line' id='line_1_1' title="bbox 778 305 786 332; baseline 0 0"><span class='ocrx_word' id='word_1_1' title='bbox 778 305 786 332; x_wconf 66' lang='grc' dir='ltr'>ί</span> 
     </span>
    </p>
   </div>
   <div class='ocr_carea' id='block_1_2' title="bbox 762 331 806 398">
    <p class='ocr_par' dir='ltr' id='par_1_2' title="bbox 762 331 806 398">
     <span class='ocr_line' id='line_1_2' title="bbox 762 331 806 398; baseline 0 0"><span class='ocrx_word' id='word_1_2' title='bbox 762 331 806 398; x_wconf 89' lang='lat'>48</span> 
     </span>
    </p>
   </div>
   <div class='ocr_carea' id='block_1_3' title="bbox 161 495 1370 3151">
    <p class='ocr_par' dir='ltr' id='par_1_3' title="bbox 213 495 1370 702">
     <span class='ocr_line' id='line_1_3' title="bbox 215 495 1370 594; baseline 0.003 -22"><span class='ocrx_word' id='word_1_3' title='bbox 215 527 353 594; x_wconf 88' lang='lat' dir='ltr'>quocum</span> <span class='ocrx_word' id='word_1_4' title='bbox 375 505 551 590; x_wconf 79' lang='lat' dir='ltr'>cohaeret,</span> <span class='ocrx_word' id='word_1_5' title='bbox 585 505 673 594; x_wconf 89' lang='lat' dir='ltr'>quod</span> <span class='ocrx_word' id='word_1_6' title='bbox 688 505 776 574; x_wconf 76' lang='lat' dir='ltr'>dics·</span> <span class='ocrx_word' id='word_1_7' title='bbox 791 510 973 594; x_wconf 88' lang='lat' dir='ltr'>noctesque</span> <span class='ocrx_word' id='word_1_8' title='bbox 996 497 1109 574; x_wconf 87' lang='lat' dir='ltr'>ducit:</span> <span class='ocrx_word' id='word_1_9' title='bbox 1144 495 1244 574; x_wconf 79' lang='lat'><strong>0136&#39;</strong></span> <span class='ocrx_word' id='word_1_10' title='bbox 1254 530 1294 594; x_wconf 84' lang='lat' dir='ltr'>sq</span> <span class='ocrx_word' id='word_1_11' title='bbox 1321 495 1370 576; x_wconf 88' lang='lat' dir='ltr'>le·</span> 
     </span>
     <span class='ocr_line' id='line_1_4' title="bbox 213 614 504 702; baseline 0.003 -22"><span class='ocrx_word' id='word_1_12' title='bbox 213 615 308 702; x_wconf 85' lang='lat' dir='ltr'>gitur</span> <span class='ocrx_word' id='word_1_13' title='bbox 333 614 504 682; x_wconf 83' lang='lat' dir='ltr'>sententia</span> 
     </span>
    </p>

    <p class='ocr_par' dir='ltr' id='par_1_4' title="bbox 348 718 1097 808">
     <span class='ocr_line' id='line_1_5' title="bbox 348 718 1097 808; baseline -0.004 -19"><span class='ocrx_word' id='word_1_14' title='bbox 348 726 426 795; x_wconf 87' lang='grc' dir='ltr'>τοῖος</span> <span class='ocrx_word' id='word_1_15' title='bbox 449 719 506 808; x_wconf 84' lang='grc' dir='ltr'>γὰρ</span> <span class='ocrx_word' id='word_1_16' title='bbox 528 721 595 793; x_wconf 83' lang='grc' dir='ltr'>νόος</span> <span class='ocrx_word' id='word_1_17' title='bbox 618 718 695 786; x_wconf 82' lang='grc' dir='ltr'>ἐστίν</span> <span class='ocrx_word' id='word_1_18' title='bbox 718 720 903 808; x_wconf 81' lang='grc' dir='ltr'>ἐπιχθονίων</span> <span class='ocrx_word' id='word_1_19' title='bbox 927 721 1097 808; x_wconf 81' lang='grc' dir='ltr'>ἀνθρώπων</span> 
     </span>
    </p>

    <p class='ocr_par' dir='ltr' id='par_1_5' title="bbox 211 828 1307 1049">
     <span class='ocr_line' id='line_1_6' title="bbox 341 828 1204 915; baseline -0.003 -18"><span class='ocrx_word' id='word_1_20' title='bbox 341 831 403 898; x_wconf 78' lang='grc' dir='ltr'>οἷον</span> <span class='ocrx_word' id='word_1_21' title='bbox 424 830 470 894; x_wconf 82' lang='grc' dir='ltr'>ἐπ’</span> <span class='ocrx_word' id='word_1_22' title='bbox 494 830 576 915; x_wconf 77' lang='grc' dir='ltr'>ἦμαρ</span> <span class='ocrx_word' id='word_1_23' title='bbox 601 828 718 914; x_wconf 84' lang='grc' dir='ltr'>ἄγηισιν</span> <span class='ocrx_word' id='word_1_24' title='bbox 741 828 839 915; x_wconf 82' lang='grc' dir='ltr'>πατὴρ</span> <span class='ocrx_word' id='word_1_25' title='bbox 863 830 978 915; x_wconf 81' lang='grc' dir='ltr'>ἀνδρῶν</span> <span class='ocrx_word' id='word_1_26' title='bbox 1003 853 1035 894; x_wconf 91' lang='grc' dir='ltr'>τε</span> <span class='ocrx_word' id='word_1_27' title='bbox 1058 830 1140 896; x_wconf 74' lang='grc' dir='ltr'>θεῶν</span> <span class='ocrx_word' id='word_1_28' title='bbox 1163 853 1204 894; x_wconf 92' lang='grc' dir='ltr'>τε.</span> 
     </span>
     <span class='ocr_line' id='line_1_7' title="bbox 211 955 1307 1049; baseline -0.004 -23"><span class='ocrx_word' id='word_1_29' title='bbox 211 983 310 1049; x_wconf 75' lang='grc' dir='ltr'>(γουσι</span> <span class='ocrx_word' id='word_1_30' title='bbox 332 957 535 1025; x_wconf 85' lang='lat' dir='ltr'>Archilocho</span> <span class='ocrx_word' id='word_1_31' title='bbox 547 957 571 1042; x_wconf 67' lang='grc'>6)</span> <span class='ocrx_word' id='word_1_32' title='bbox 595 961 729 1024; x_wconf 86' lang='lat' dir='ltr'>veteres</span> <span class='ocrx_word' id='word_1_33' title='bbox 753 956 915 1026; x_wconf 88' lang='lat' dir='ltr'>viderunt</span> <span class='ocrx_word' id='word_1_34' title='bbox 936 956 972 1022; x_wconf 91' lang='lat' dir='ltr'>in</span> <span class='ocrx_word' id='word_1_35' title='bbox 995 956 1105 1024; x_wconf 87' lang='lat' dir='ltr'>animo</span> <span class='ocrx_word' id='word_1_36' title='bbox 1133 955 1240 1024; x_wconf 85' lang='lat' dir='ltr'>fuisse</span> <span class='ocrx_word' id='word_1_37' title='bbox 1264 957 1307 1022; x_wconf 88' lang='grc'>70</span> 
     </span>
    </p>

    <p class='ocr_par' dir='ltr' id='par_1_6' title="bbox 342 1063 1142 1152">
     <span class='ocr_line' id='line_1_8' title="bbox 342 1063 1142 1152; baseline -0.003 -20"><span class='ocrx_word' id='word_1_38' title='bbox 342 1070 420 1140; x_wconf 86' lang='grc' dir='ltr'>τοῖος</span> <span class='ocrx_word' id='word_1_39' title='bbox 444 1067 628 1152; x_wconf 81' lang='grc' dir='ltr'>ἀνθρώποισι</span> <span class='ocrx_word' id='word_1_40' title='bbox 653 1063 747 1150; x_wconf 80' lang='grc' dir='ltr'>θυμὸς</span> <span class='ocrx_word' id='word_1_41' title='bbox 773 1063 888 1129; x_wconf 76' lang='grc' dir='ltr'>Γλαῦκε</span> <span class='ocrx_word' id='word_1_42' title='bbox 912 1065 1063 1130; x_wconf 79' lang='grc' dir='ltr'>Λεπτίνεω</span> <span class='ocrx_word' id='word_1_43' title='bbox 1087 1064 1142 1130; x_wconf 81' lang='grc' dir='ltr'>πάι</span> 
     </span>
    </p>

    <p class='ocr_par' dir='ltr' id='par_1_7' title="bbox 342 1171 1175 1262">
     <span class='ocr_line' id='line_1_9' title="bbox 342 1171 1175 1262; baseline 0 -22"><span class='ocrx_word' id='word_1_44' title='bbox 342 1176 473 1261; x_wconf 90' lang='grc' dir='ltr'>γίγνεται</span> <span class='ocrx_word' id='word_1_45' title='bbox 497 1174 639 1261; x_wconf 82' lang='grc' dir='ltr'>ίλνητοῖο’,</span> <span class='ocrx_word' id='word_1_46' title='bbox 665 1173 766 1260; x_wconf 79' lang='grc' dir='ltr'>ὁκοίην</span> <span class='ocrx_word' id='word_1_47' title='bbox 791 1171 867 1246; x_wconf 82' lang='grc' dir='ltr'>Ζεὺς</span> <span class='ocrx_word' id='word_1_48' title='bbox 890 1174 938 1260; x_wconf 84' lang='grc' dir='ltr'>ἐφ’</span> <span class='ocrx_word' id='word_1_49' title='bbox 963 1175 1078 1262; x_wconf 78' lang='grc' dir='ltr'>ἡμέρην</span> <span class='ocrx_word' id='word_1_50' title='bbox 1103 1173 1175 1261; x_wconf 80' lang='grc' dir='ltr'>ἄγηι</span> 
     </span>
    </p>

    <p class='ocr_par' dir='ltr' id='par_1_8' title="bbox 161 1280 1360 1603">
     <span class='ocr_line' id='line_1_10' title="bbox 340 1280 1154 1368; baseline -0.002 -22"><span class='ocrx_word' id='word_1_51' title='bbox 340 1281 391 1346; x_wconf 77' lang='lat' dir='ltr'>uui</span> <span class='ocrx_word' id='word_1_52' title='bbox 415 1286 555 1368; x_wconf 79' lang='grc' dir='ltr'>φρονεῡσι</span> <span class='ocrx_word' id='word_1_53' title='bbox 577 1285 630 1344; x_wconf 77' lang='grc' dir='ltr'>τοῖ’</span> <span class='ocrx_word' id='word_1_54' title='bbox 654 1280 776 1344; x_wconf 80' lang='grc' dir='ltr'>ὑκοίοισ’</span> <span class='ocrx_word' id='word_1_55' title='bbox 800 1281 977 1367; x_wconf 83' lang='grc' dir='ltr'>ἐγκυρέωσιν</span> <span class='ocrx_word' id='word_1_56' title='bbox 1001 1280 1154 1368; x_wconf 77' lang='grc' dir='ltr'>ἔργμασιν.</span> 
     </span>
     <span class='ocr_line' id='line_1_11' title="bbox 161 1385 1360 1498; baseline 0.001 -25"><span class='ocrx_word' id='word_1_57' title='bbox 161 1461 163 1465; x_wconf 68' lang='lat'>,</span> <span class='ocrx_word' id='word_1_58' title='bbox 210 1430 283 1473; x_wconf 90' lang='lat' dir='ltr'>cum</span> <span class='ocrx_word' id='word_1_59' title='bbox 306 1385 448 1494; x_wconf 85' lang='lat' dir='ltr'>paterno</span> <span class='ocrx_word' id='word_1_60' title='bbox 471 1405 507 1472; x_wconf 89' lang='lat' dir='ltr'>in</span> <span class='ocrx_word' id='word_1_61' title='bbox 529 1406 609 1472; x_wconf 83' lang='lat' dir='ltr'>deos</span> <span class='ocrx_word' id='word_1_62' title='bbox 634 1405 847 1494; x_wconf 83' lang='lat' dir='ltr'>hominesque</span> <span class='ocrx_word' id='word_1_63' title='bbox 878 1405 952 1474; x_wconf 89' lang='lat' dir='ltr'>iure</span> <span class='ocrx_word' id='word_1_64' title='bbox 982 1411 1112 1488; x_wconf 78' lang='lat' dir='ltr'>ututur,</span> <span class='ocrx_word' id='word_1_65' title='bbox 1148 1407 1360 1498; x_wconf 86' lang='lat' dir='ltr'>omnipotens</span> 
     </span>
     <span class='ocr_line' id='line_1_12' title="bbox 209 1515 912 1603; baseline -0.001 -19"><span class='ocrx_word' id='word_1_66' title='bbox 209 1521 263 1584; x_wconf 87' lang='lat' dir='ltr'>est</span> <span class='ocrx_word' id='word_1_67' title='bbox 285 1519 388 1603; x_wconf 83' lang='lat' dir='ltr'>utque</span> <span class='ocrx_word' id='word_1_68' title='bbox 410 1515 520 1599; x_wconf 81' lang='lat' dir='ltr'>iustus</span> <span class='ocrx_word' id='word_1_69' title='bbox 545 1515 709 1583; x_wconf 87' lang='lat' dir='ltr'>scelerum</span> <span class='ocrx_word' id='word_1_70' title='bbox 731 1516 846 1583; x_wconf 89' lang='lat' dir='ltr'>ultor:</span> <span class='ocrx_word' id='word_1_71' title='bbox 869 1518 912 1583; x_wconf 88' lang='grc'>88</span> 
     </span>
    </p>

    <p class='ocr_par' dir='ltr' id='par_1_9' title="bbox 358 1616 1107 1714">
     <span class='ocr_line' id='line_1_13' title="bbox 358 1616 1107 1714; baseline 0.005 -26"><span class='ocrx_word' id='word_1_72' title='bbox 358 1627 383 1687; x_wconf 85' lang='grc' dir='ltr'>ῶ</span> <span class='ocrx_word' id='word_1_73' title='bbox 406 1623 463 1688; x_wconf 81' lang='grc' dir='ltr'>Ζεῦ</span> <span class='ocrx_word' id='word_1_74' title='bbox 486 1616 577 1711; x_wconf 85' lang='grc' dir='ltr'>ποίτερ</span> <span class='ocrx_word' id='word_1_75' title='bbox 600 1621 667 1706; x_wconf 82' lang='grc' dir='ltr'>Ζεῶ,</span> <span class='ocrx_word' id='word_1_76' title='bbox 694 1622 743 1689; x_wconf 81' lang='grc' dir='ltr'>σὸν</span> <span class='ocrx_word' id='word_1_77' title='bbox 769 1623 821 1710; x_wconf 84' lang='grc' dir='ltr'>μὲν</span> <span class='ocrx_word' id='word_1_78' title='bbox 844 1626 970 1712; x_wconf 79' lang='grc' dir='ltr'>οὐρανοῦ</span> <span class='ocrx_word' id='word_1_79' title='bbox 992 1619 1107 1714; x_wconf 81' lang='grc' dir='ltr'>κράτος,</span> 
     </span>
    </p>

    <p class='ocr_par' dir='ltr' id='par_1_10' title="bbox 358 1732 980 2038">
     <span class='ocr_line' id='line_1_14' title="bbox 447 1732 971 1823; baseline 0.002 -25"><span class='ocrx_word' id='word_1_80' title='bbox 447 1732 481 1798; x_wconf 82' lang='grc' dir='ltr'>σὺ</span> <span class='ocrx_word' id='word_1_81' title='bbox 506 1737 531 1798; x_wconf 81' lang='grc' dir='ltr'>δ’</span> <span class='ocrx_word' id='word_1_82' title='bbox 541 1733 601 1820; x_wconf 80' lang='grc' dir='ltr'>ἔργ’</span> <span class='ocrx_word' id='word_1_83' title='bbox 626 1734 672 1798; x_wconf 82' lang='grc' dir='ltr'>ἐπ’</span> <span class='ocrx_word' id='word_1_84' title='bbox 697 1735 864 1820; x_wconf 74' lang='grc' dir='ltr'>ἀνθρώπων</span> <span class='ocrx_word' id='word_1_85' title='bbox 890 1737 971 1823; x_wconf 77' lang='grc' dir='ltr'>ὁρᾶις</span> 
     </span>
     <span class='ocr_line' id='line_1_15' title="bbox 358 1834 980 1930; baseline 0 -21"><span class='ocrx_word' id='word_1_86' title='bbox 358 1841 478 1930; x_wconf 83' lang='grc' dir='ltr'>λεωργοί</span> <span class='ocrx_word' id='word_1_87' title='bbox 500 1840 549 1906; x_wconf 82' lang='grc' dir='ltr'>καί</span> <span class='ocrx_word' id='word_1_88' title='bbox 575 1834 712 1928; x_wconf 78' lang='grc' dir='ltr'>θεμιστοί,</span> <span class='ocrx_word' id='word_1_89' title='bbox 737 1841 785 1907; x_wconf 87' lang='grc' dir='ltr'>σοὶ</span> <span class='ocrx_word' id='word_1_90' title='bbox 809 1839 841 1906; x_wconf 81' lang='grc' dir='ltr'>δὲ</span> <span class='ocrx_word' id='word_1_91' title='bbox 866 1843 980 1930; x_wconf 78' lang='grc' dir='ltr'>θηρίων</span> 
     </span>
     <span class='ocr_line' id='line_1_16' title="bbox 445 1949 862 2038; baseline 0.007 -24"><span class='ocrx_word' id='word_1_92' title='bbox 445 1952 526 2038; x_wconf 78' lang='grc' dir='ltr'>ὕβρις</span> <span class='ocrx_word' id='word_1_93' title='bbox 550 1949 654 2015; x_wconf 79' lang='grc' dir='ltr'>τεκαὶ</span> <span class='ocrx_word' id='word_1_94' title='bbox 677 1951 744 2037; x_wconf 81' lang='grc' dir='ltr'>δίκη</span> <span class='ocrx_word' id='word_1_95' title='bbox 770 1951 862 2037; x_wconf 77' lang='grc' dir='ltr'>μέλει.</span> 
     </span>
    </p>

    <p class='ocr_par' dir='ltr' id='par_1_11' title="bbox 207 2053 1356 2366">
     <span class='ocr_line' id='line_1_17' title="bbox 207 2053 1355 2152; baseline 0 -20"><span class='ocrx_word' id='word_1_96' title='bbox 207 2053 393 2152; x_wconf 79' lang='lat' dir='ltr'>compluria¹</span> <span class='ocrx_word' id='word_1_97' title='bbox 423 2061 475 2128; x_wconf 87' lang='lat' dir='ltr'>his</span> <span class='ocrx_word' id='word_1_98' title='bbox 508 2060 623 2129; x_wconf 86' lang='lat' dir='ltr'>verbis</span> <span class='ocrx_word' id='word_1_99' title='bbox 657 2060 906 2148; x_wconf 83' lang='lat' dir='ltr'>coniunguntur</span> <span class='ocrx_word' id='word_1_100' title='bbox 934 2083 1019 2150; x_wconf 81' lang='lat' dir='ltr'>quae</span> <span class='ocrx_word' id='word_1_101' title='bbox 1051 2061 1140 2151; x_wconf 83' lang='lat' dir='ltr'>apud</span> <span class='ocrx_word' id='word_1_102' title='bbox 1170 2062 1355 2132; x_wconf 87' lang='lat' dir='ltr'>Homerum</span> 
     </span>
     <span class='ocr_line' id='line_1_18' title="bbox 208 2167 1356 2262; baseline 0 -22"><span class='ocrx_word' id='word_1_103' title='bbox 208 2173 362 2262; x_wconf 83' lang='lat' dir='ltr'>dispersa</span> <span class='ocrx_word' id='word_1_104' title='bbox 385 2176 482 2238; x_wconf 84' lang='lat' dir='ltr'>sunt:</span> <span class='ocrx_word' id='word_1_105' title='bbox 507 2168 548 2236; x_wconf 87' lang='lat' dir='ltr'>de</span> <span class='ocrx_word' id='word_1_106' title='bbox 570 2167 662 2235; x_wconf 85' lang='lat' dir='ltr'>Iovis</span> <span class='ocrx_word' id='word_1_107' title='bbox 686 2191 790 2256; x_wconf 87' lang='lat' dir='ltr'>regno</span> <span class='ocrx_word' id='word_1_108' title='bbox 814 2169 955 2237; x_wconf 80' lang='lat' dir='ltr'>caelesti</span> <span class='ocrx_word' id='word_1_109' title='bbox 977 2175 1079 2238; x_wconf 81' lang='lat' dir='ltr'>antea</span> <span class='ocrx_word' id='word_1_110' title='bbox 1094 2171 1256 2256; x_wconf 80' lang='lat' dir='ltr'>vidimus3</span> <span class='ocrx_word' id='word_1_111' title='bbox 1281 2196 1356 2241; x_wconf 90' lang='lat' dir='ltr'>cum</span> 
     </span>
     <span class='ocr_line' id='line_1_19' title="bbox 207 2275 1194 2366; baseline -0.005 -15"><span class='ocrx_word' id='word_1_112' title='bbox 207 2282 351 2352; x_wconf 86' lang='lat' dir='ltr'>secunda</span> <span class='ocrx_word' id='word_1_113' title='bbox 374 2275 544 2348; x_wconf 86' lang='lat' dir='ltr'>sententia</span> <span class='ocrx_word' id='word_1_114' title='bbox 568 2275 717 2343; x_wconf 85' lang='lat' dir='ltr'>conferri</span> <span class='ocrx_word' id='word_1_115' title='bbox 739 2276 821 2344; x_wconf 90' lang='lat' dir='ltr'>licet</span> <span class='ocrx_word' id='word_1_116' title='bbox 843 2277 903 2344; x_wconf 90' lang='lat' dir='ltr'>hos</span> <span class='ocrx_word' id='word_1_117' title='bbox 926 2276 1018 2345; x_wconf 85' lang='lat' dir='ltr'>locos</span> <span class='ocrx_word' id='word_1_118' title='bbox 1043 2279 1137 2345; x_wconf 64' lang='lat'>2213</span> <span class='ocrx_word' id='word_1_119' title='bbox 1155 2301 1194 2366; x_wconf 91' lang='lat' dir='ltr'>sq</span> 
     </span>
    </p>

    <p class='ocr_par' dir='ltr' id='par_1_12' title="bbox 337 2377 1161 2471">
     <span class='ocr_line' id='line_1_20' title="bbox 337 2377 1161 2471; baseline -0.002 -19"><span class='ocrx_word' id='word_1_120' title='bbox 337 2386 411 2459; x_wconf 82' lang='grc' dir='ltr'>Ζεὺς</span> <span class='ocrx_word' id='word_1_121' title='bbox 436 2383 529 2471; x_wconf 84' lang='grc' dir='ltr'>σφέας</span> <span class='ocrx_word' id='word_1_122' title='bbox 552 2389 665 2448; x_wconf 80' lang='grc' dir='ltr'>τίσαιτο</span> <span class='ocrx_word' id='word_1_123' title='bbox 690 2385 846 2468; x_wconf 70' lang='grc' dir='ltr'>ἱκετήσιος,</span> <span class='ocrx_word' id='word_1_124' title='bbox 870 2377 903 2457; x_wconf 73' lang='grc' dir='ltr'>ῶς</span> <span class='ocrx_word' id='word_1_125' title='bbox 925 2408 956 2449; x_wconf 93' lang='grc' dir='ltr'>τε</span> <span class='ocrx_word' id='word_1_126' title='bbox 980 2385 1031 2450; x_wconf 81' lang='grc' dir='ltr'>καί</span> <span class='ocrx_word' id='word_1_127' title='bbox 1053 2385 1161 2459; x_wconf 81' lang='grc' dir='ltr'>ἄλλους</span> 
     </span>
    </p>

    <p class='ocr_par' dir='ltr' id='par_1_13' title="bbox 207 2483 1105 2708">
     <span class='ocr_line' id='line_1_21' title="bbox 337 2483 1105 2583; baseline 0.003 -25"><span class='ocrx_word' id='word_1_128' title='bbox 337 2495 514 2581; x_wconf 73' lang='grc' dir='ltr'>ἀνθρώπους</span> <span class='ocrx_word' id='word_1_129' title='bbox 538 2493 645 2579; x_wconf 82' lang='grc' dir='ltr'>ἐρορᾶι</span> <span class='ocrx_word' id='word_1_130' title='bbox 667 2491 717 2556; x_wconf 83' lang='grc' dir='ltr'>καί</span> <span class='ocrx_word' id='word_1_131' title='bbox 739 2493 849 2558; x_wconf 88' lang='grc' dir='ltr'>τίνυται</span> <span class='ocrx_word' id='word_1_132' title='bbox 873 2483 951 2567; x_wconf 70' lang='grc' dir='ltr'>ὅστις</span> <span class='ocrx_word' id='word_1_133' title='bbox 974 2494 1105 2583; x_wconf 84' lang='grc' dir='ltr'>ἁμάρτηι</span> 
     </span>
     <span class='ocr_line' id='line_1_22' title="bbox 207 2599 941 2708; baseline 0.001 -22"><span class='ocrx_word' id='word_1_134' title='bbox 207 2623 242 2687; x_wconf 86' lang='lat' dir='ltr'>et</span> <span class='ocrx_word' id='word_1_135' title='bbox 265 2618 355 2706; x_wconf 69' lang='lat'>9486</span> <span class='ocrx_word' id='word_1_136' title='bbox 379 2599 436 2708; x_wconf 79' lang='lat' dir='ltr'>qui</span> <span class='ocrx_word' id='word_1_137' title='bbox 459 2618 502 2684; x_wconf 84' lang='lat' dir='ltr'>ad</span> <span class='ocrx_word' id='word_1_138' title='bbox 525 2622 662 2684; x_wconf 85' lang='lat' dir='ltr'>cunctos</span> <span class='ocrx_word' id='word_1_139' title='bbox 687 2617 766 2685; x_wconf 85' lang='lat' dir='ltr'>deos</span> <span class='ocrx_word' id='word_1_140' title='bbox 789 2618 941 2707; x_wconf 86' lang='lat' dir='ltr'>pertinet</span> 
     </span>
    </p>

    <p class='ocr_par' dir='ltr' id='par_1_14' title="bbox 581 2725 1119 2816">
     <span class='ocr_line' id='line_1_23' title="bbox 581 2725 1119 2816; baseline 0.006 -25"><span class='ocrx_word' id='word_1_141' title='bbox 581 2725 646 2792; x_wconf 79' lang='grc' dir='ltr'>θεοὶ</span> <span class='ocrx_word' id='word_1_142' title='bbox 672 2778 678 2793; x_wconf 92' lang='grc'><strong><em>.</em></strong></span> <span class='ocrx_word' id='word_1_143' title='bbox 703 2778 710 2795; x_wconf 94' lang='grc'><strong>.</strong></span> <span class='ocrx_word' id='word_1_144' title='bbox 736 2778 744 2796; x_wconf 95' lang='grc'><strong>.</strong></span> <span class='ocrx_word' id='word_1_145' title='bbox 768 2730 980 2816; x_wconf 78' lang='grc' dir='ltr'>ἐπιστρωφῶσι</span> <span class='ocrx_word' id='word_1_146' title='bbox 1003 2731 1119 2816; x_wconf 80' lang='grc' dir='ltr'>πόληας</span> 
     </span>
    </p>

    <p class='ocr_par' dir='ltr' id='par_1_15' title="bbox 204 2836 1353 3151">
     <span class='ocr_line' id='line_1_24' title="bbox 340 2836 1209 2927; baseline 0.001 -25"><span class='ocrx_word' id='word_1_147' title='bbox 340 2838 509 2927; x_wconf 80' lang='grc' dir='ltr'>ἀνθρώπων</span> <span class='ocrx_word' id='word_1_148' title='bbox 533 2837 648 2924; x_wconf 81' lang='grc' dir='ltr'>ὕβριν</span> <span class='ocrx_word' id='word_1_149' title='bbox 671 2836 797 2902; x_wconf 84' lang='grc' dir='ltr'>τεκαὶ</span> <span class='ocrx_word' id='word_1_150' title='bbox 822 2839 1011 2925; x_wconf 84' lang='grc' dir='ltr'>εὐνομίην</span> <span class='ocrx_word' id='word_1_151' title='bbox 1035 2840 1209 2926; x_wconf 85' lang='grc' dir='ltr'>ἐφορῶντες.</span> 
     </span>
     <span class='ocr_line' id='line_1_25' title="bbox 208 2945 1353 3036; baseline 0.004 -23"><span class='ocrx_word' id='word_1_152' title='bbox 208 2946 364 3036; x_wconf 87' lang='lat' dir='ltr'>Iuppiter</span> <span class='ocrx_word' id='word_1_153' title='bbox 396 2947 503 3034; x_wconf 84' lang='lat' dir='ltr'>igitur</span> <span class='ocrx_word' id='word_1_154' title='bbox 527 2950 563 3013; x_wconf 89' lang='lat' dir='ltr'>et</span> <span class='ocrx_word' id='word_1_155' title='bbox 584 2945 706 3033; x_wconf 78' lang='lat' dir='ltr'>magne</span> <span class='ocrx_word' id='word_1_156' title='bbox 729 2952 764 3015; x_wconf 85' lang='lat' dir='ltr'>ct</span> <span class='ocrx_word' id='word_1_157' title='bbox 785 2968 894 3036; x_wconf 82' lang='lat' dir='ltr'>parva</span> <span class='ocrx_word' id='word_1_158' title='bbox 915 2949 1100 3035; x_wconf 83' lang='lat' dir='ltr'>gubernat,</span> <span class='ocrx_word' id='word_1_159' title='bbox 1131 2948 1183 3017; x_wconf 81' lang='lat' dir='ltr'>itu</span> <span class='ocrx_word' id='word_1_160' title='bbox 1208 2950 1249 3015; x_wconf 90' lang='lat' dir='ltr'>ut</span> <span class='ocrx_word' id='word_1_161' title='bbox 1276 2947 1353 3018; x_wconf 88' lang='lat' dir='ltr'>iure</span> 
     </span>
     <span class='ocr_line' id='line_1_26' title="bbox 204 3054 903 3151; baseline 0 -31"><span class='ocrx_word' id='word_1_162' title='bbox 204 3055 256 3122; x_wconf 84' lang='lat' dir='ltr'>his</span> <span class='ocrx_word' id='word_1_163' title='bbox 280 3054 435 3122; x_wconf 81' lang='lat' dir='ltr'>laudibus</span> <span class='ocrx_word' id='word_1_164' title='bbox 460 3057 648 3151; x_wconf 83' lang='lat' dir='ltr'>exornetur</span> <span class='ocrx_word' id='word_1_165' title='bbox 668 3054 730 3120; x_wconf 88' lang='grc'>101</span> <span class='ocrx_word' id='word_1_166' title='bbox 747 3054 903 3122; x_wconf 82' lang='lat' dir='ltr'>H.-Crus.</span> 
     </span>
    </p>
   </div>
   <div class='ocr_carea' id='block_1_4' title="bbox 200 3153 1353 4118">
    <p class='ocr_par' dir='ltr' id='par_1_16' title="bbox 200 3153 1353 4118">
     <span class='ocr_line' id='line_1_27' title="bbox 360 3153 973 3250; baseline 0.003 -24"><span class='ocrx_word' id='word_1_167' title='bbox 360 3161 433 3235; x_wconf 84' lang='grc' dir='ltr'>Ζεὺς</span> <span class='ocrx_word' id='word_1_168' title='bbox 457 3164 485 3226; x_wconf 84' lang='grc' dir='ltr'>ἐν</span> <span class='ocrx_word' id='word_1_169' title='bbox 511 3163 608 3226; x_wconf 79' lang='grc' dir='ltr'>θεοῖσι</span> <span class='ocrx_word' id='word_1_170' title='bbox 632 3153 973 3250; x_wconf 53' lang='lat' dir='ltr'>circumsonantem&lt;</span> 
     </span>
     <span class='ocr_line' id='line_1_28' title="bbox 416 3269 781 3359; baseline 0.005 -25"><span class='ocrx_word' id='word_1_171' title='bbox 416 3269 466 3335; x_wconf 78' lang='grc' dir='ltr'>καὶ</span> <span class='ocrx_word' id='word_1_172' title='bbox 489 3271 572 3344; x_wconf 87' lang='grc' dir='ltr'>τέλος</span> <span class='ocrx_word' id='word_1_173' title='bbox 596 3269 684 3344; x_wconf 82' lang='grc' dir='ltr'>αὐτὸς</span> <span class='ocrx_word' id='word_1_174' title='bbox 707 3270 781 3359; x_wconf 87' lang='grc' dir='ltr'>ἔχει.</span> 
     </span>
     <span class='ocr_line' id='line_1_29' title="bbox 203 3380 1353 3472; baseline 0.002 -23"><span class='ocrx_word' id='word_1_175' title='bbox 203 3382 319 3451; x_wconf 91' lang='lat' dir='ltr'>Iovem</span> <span class='ocrx_word' id='word_1_176' title='bbox 359 3380 504 3448; x_wconf 85' lang='lat' dir='ltr'>omnium</span> <span class='ocrx_word' id='word_1_177' title='bbox 541 3380 680 3447; x_wconf 87' lang='lat' dir='ltr'>deorum</span> <span class='ocrx_word' id='word_1_178' title='bbox 717 3380 969 3450; x_wconf 85' lang='lat' dir='ltr'>veracissimum</span> <span class='ocrx_word' id='word_1_179' title='bbox 1003 3386 1116 3449; x_wconf 81' lang='lat' dir='ltr'>vatem</span> <span class='ocrx_word' id='word_1_180' title='bbox 1155 3404 1228 3450; x_wconf 84' lang='lat' dir='ltr'>csse</span> <span class='ocrx_word' id='word_1_181' title='bbox 1262 3383 1353 3472; x_wconf 85' lang='lat' dir='ltr'>apud</span> 
     </span>
     <span class='ocr_line' id='line_1_30' title="bbox 203 3490 1350 3578; baseline 0 -18"><span class='ocrx_word' id='word_1_182' title='bbox 203 3494 386 3560; x_wconf 84' lang='lat' dir='ltr'>Homerum</span> <span class='ocrx_word' id='word_1_183' title='bbox 409 3490 541 3578; x_wconf 86' lang='lat' dir='ltr'>quidem</span> <span class='ocrx_word' id='word_1_184' title='bbox 564 3513 630 3557; x_wconf 90' lang='lat' dir='ltr'>non</span> <span class='ocrx_word' id='word_1_185' title='bbox 652 3490 799 3578; x_wconf 81' lang='lat' dir='ltr'>legitur;</span> <span class='ocrx_word' id='word_1_186' title='bbox 836 3494 950 3558; x_wconf 85' lang='lat' dir='ltr'>tamen</span> <span class='ocrx_word' id='word_1_187' title='bbox 980 3514 1019 3558; x_wconf 82' lang='lat' dir='ltr'>ea</span> <span class='ocrx_word' id='word_1_188' title='bbox 1048 3491 1220 3559; x_wconf 82' lang='lat' dir='ltr'>sententia</span> <span class='ocrx_word' id='word_1_189' title='bbox 1248 3492 1350 3560; x_wconf 84' lang='lat' dir='ltr'>urtis·</span> 
     </span>
     <span class='ocr_line' id='line_1_31' title="bbox 204 3599 1349 3694; baseline 0 -25"><span class='ocrx_word' id='word_1_190' title='bbox 204 3602 286 3670; x_wconf 85' lang='lat' dir='ltr'>sime</span> <span class='ocrx_word' id='word_1_191' title='bbox 309 3600 467 3667; x_wconf 75' lang='lat' dir='ltr'>cohaeret</span> <span class='ocrx_word' id='word_1_192' title='bbox 497 3622 570 3665; x_wconf 91' lang='lat' dir='ltr'>cum</span> <span class='ocrx_word' id='word_1_193' title='bbox 603 3599 796 3686; x_wconf 86' lang='lat' dir='ltr'>cognomine</span> <span class='ocrx_word' id='word_1_194' title='bbox 818 3599 911 3694; x_wconf 74' lang='lat' dir='ltr'>Iouis</span> <span class='ocrx_word' id='word_1_195' title='bbox 937 3599 1137 3686; x_wconf 86' lang='grc' dir='ltr'>Πανομφαίου</span> <span class='ocrx_word' id='word_1_196' title='bbox 1161 3599 1275 3684; x_wconf 74' lang='grc'>8250,</span> <span class='ocrx_word' id='word_1_197' title='bbox 1307 3600 1349 3668; x_wconf 86' lang='lat' dir='ltr'>de</span> 
     </span>
     <span class='ocr_line' id='line_1_32' title="bbox 206 3701 1348 3781; baseline -0.001 -4"><span class='ocrx_word' id='word_1_198' title='bbox 206 3711 299 3778; x_wconf 90' lang='lat' dir='ltr'>cuius</span> <span class='ocrx_word' id='word_1_199' title='bbox 330 3707 466 3775; x_wconf 78' lang='lat' dir='ltr'>oraculo</span> <span class='ocrx_word' id='word_1_200' title='bbox 486 3701 657 3774; x_wconf 80' lang='lat' dir='ltr'>&#39;Dodoneo</span> <span class='ocrx_word' id='word_1_201' title='bbox 688 3708 724 3774; x_wconf 87' lang='lat' dir='ltr'>cf</span> <span class='ocrx_word' id='word_1_202' title='bbox 737 3708 840 3774; x_wconf 77' lang='lat'><strong>[1235</strong></span> <span class='ocrx_word' id='word_1_203' title='bbox 873 3709 965 3781; x_wconf 67' lang='lat' dir='ltr'>e328</span> <span class='ocrx_word' id='word_1_204' title='bbox 993 3708 1086 3774; x_wconf 61' lang='lat'>1296</span> <span class='ocrx_word' id='word_1_205' title='bbox 1115 3708 1195 3776; x_wconf 87' lang='lat' dir='ltr'>Hes.</span> <span class='ocrx_word' id='word_1_206' title='bbox 1209 3709 1243 3775; x_wconf 87' lang='lat' dir='ltr'>fr</span> <span class='ocrx_word' id='word_1_207' title='bbox 1260 3709 1348 3779; x_wconf 67' lang='lat'>156⁶.</span> 
     </span>
     <span class='ocr_line' id='line_1_33' title="bbox 203 3813 1349 3903; baseline 0 -19"><span class='ocrx_word' id='word_1_208' title='bbox 203 3825 341 3885; x_wconf 75' lang='lat' dir='ltr'>transeo</span> <span class='ocrx_word' id='word_1_209' title='bbox 376 3814 419 3881; x_wconf 82' lang='lat' dir='ltr'>ed</span> <span class='ocrx_word' id='word_1_210' title='bbox 449 3815 603 3881; x_wconf 84' lang='lat' dir='ltr'>Martem.</span> <span class='ocrx_word' id='word_1_211' title='bbox 637 3813 726 3903; x_wconf 85' lang='lat' dir='ltr'>apud</span> <span class='ocrx_word' id='word_1_212' title='bbox 753 3815 936 3882; x_wconf 85' lang='lat' dir='ltr'>Homerum</span> <span class='ocrx_word' id='word_1_213' title='bbox 967 3814 1187 3883; x_wconf 87' lang='lat' dir='ltr'>inveniuntur</span> <span class='ocrx_word' id='word_1_214' title='bbox 1219 3815 1349 3902; x_wconf 84' lang='lat' dir='ltr'>figurae</span> 
     </span>
     <span class='ocr_line' id='line_1_34' title="bbox 201 3916 1349 4013; baseline -0.003 -18"><span class='ocrx_word' id='word_1_215' title='bbox 201 3927 299 3995; x_wconf 88' lang='lat' dir='ltr'>velut</span> <span class='ocrx_word' id='word_1_216' title='bbox 324 3925 407 3992; x_wconf 85' lang='lat' dir='ltr'>haec</span> <span class='ocrx_word' id='word_1_217' title='bbox 430 3923 514 4010; x_wconf 81' lang='grc' dir='ltr'>ἔριδα</span> <span class='ocrx_word' id='word_1_218' title='bbox 535 3916 705 4008; x_wconf 77' lang='grc' dir='ltr'>ξυνάγοντες</span> <span class='ocrx_word' id='word_1_219' title='bbox 730 3923 839 4012; x_wconf 77' lang='grc' dir='ltr'>Ἄρηος</span> <span class='ocrx_word' id='word_1_220' title='bbox 869 3923 979 4007; x_wconf 84' lang='grc' dir='ltr'><strong>Ε861,</strong></span> <span class='ocrx_word' id='word_1_221' title='bbox 1012 3923 1089 3992; x_wconf 81' lang='lat' dir='ltr'>aliis</span> <span class='ocrx_word' id='word_1_222' title='bbox 1121 3923 1205 3992; x_wconf 89' lang='lat' dir='ltr'>locis</span> <span class='ocrx_word' id='word_1_223' title='bbox 1235 3947 1349 4013; x_wconf 82' lang='lat' dir='ltr'>pugna</span> 
     </span>
     <span class='ocr_line' id='line_1_35' title="bbox 200 4028 1346 4118; baseline 0.001 -19"><span class='ocrx_word' id='word_1_224' title='bbox 200 4031 325 4099; x_wconf 88' lang='lat' dir='ltr'>dicitur</span> <span class='ocrx_word' id='word_1_225' title='bbox 351 4033 451 4115; x_wconf 86' lang='grc' dir='ltr'>μῶλος</span> <span class='ocrx_word' id='word_1_226' title='bbox 467 4028 575 4116; x_wconf 75' lang='grc' dir='ltr'>Ἄρηος</span> <span class='ocrx_word' id='word_1_227' title='bbox 599 4029 724 4116; x_wconf 84' lang='grc' dir='ltr'><strong>Η147;</strong></span> <span class='ocrx_word' id='word_1_228' title='bbox 749 4029 835 4098; x_wconf 89' lang='lat' dir='ltr'>unde</span> <span class='ocrx_word' id='word_1_229' title='bbox 858 4028 1082 4110; x_wconf 86' lang='lat' dir='ltr'>Archilochus</span> <span class='ocrx_word' id='word_1_230' title='bbox 1106 4029 1293 4118; x_wconf 87' lang='lat' dir='ltr'>composuit</span> <span class='ocrx_word' id='word_1_231' title='bbox 1311 4030 1346 4100; x_wconf 71' lang='lat'>32</span> 
     </span>
    </p>
   </div>
   <div class='ocr_carea' id='block_1_5' title="bbox 273 4290 1079 4652">
    <p class='ocr_par' dir='ltr' id='par_1_17' title="bbox 273 4290 1079 4652">
     <span class='ocr_line' id='line_1_36' title="bbox 273 4290 1079 4369; baseline 0 -18"><span class='ocrx_word' id='word_1_232' title='bbox 273 4299 300 4369; x_wconf 90' lang='grc'>6)</span> <span class='ocrx_word' id='word_1_233' title='bbox 321 4297 376 4353; x_wconf 80' lang='lat' dir='ltr'>ulio</span> <span class='ocrx_word' id='word_1_234' title='bbox 395 4295 475 4352; x_wconf 88' lang='lat' dir='ltr'>modo</span> <span class='ocrx_word' id='word_1_235' title='bbox 495 4295 608 4350; x_wconf 82' lang='lat' dir='ltr'>eundem</span> <span class='ocrx_word' id='word_1_236' title='bbox 627 4290 791 4351; x_wconf 79' lang='lat' dir='ltr'>sententium</span> <span class='ocrx_word' id='word_1_237' title='bbox 810 4295 948 4363; x_wconf 81' lang='lat' dir='ltr'>expressit</span> <span class='ocrx_word' id='word_1_238' title='bbox 967 4295 1037 4351; x_wconf 88' lang='lat' dir='ltr'>Sem.</span> <span class='ocrx_word' id='word_1_239' title='bbox 1053 4298 1079 4366; x_wconf 79' lang='lat' dir='ltr'>l⁸</span> 
     </span>
     <span class='ocr_line' id='line_1_37' title="bbox 420 4387 1040 4462; baseline -0.003 -18"><span class='ocrx_word' id='word_1_240' title='bbox 420 4391 477 4449; x_wconf 83' lang='grc' dir='ltr'>νόος</span> <span class='ocrx_word' id='word_1_241' title='bbox 496 4389 516 4443; x_wconf 78' lang='grc' dir='ltr'>δ’</span> <span class='ocrx_word' id='word_1_242' title='bbox 538 4389 585 4443; x_wconf 71' lang='lat' dir='ltr'>ciue</span> <span class='ocrx_word' id='word_1_243' title='bbox 603 4390 628 4442; x_wconf 83' lang='grc' dir='ltr'>ἐν</span> <span class='ocrx_word' id='word_1_244' title='bbox 648 4389 823 4461; x_wconf 77' lang='grc' dir='ltr'>ἀνθρώποισιν,</span> <span class='ocrx_word' id='word_1_245' title='bbox 843 4387 898 4442; x_wconf 83' lang='grc' dir='ltr'>ἀλλ’</span> <span class='ocrx_word' id='word_1_246' title='bbox 918 4389 1040 4462; x_wconf 81' lang='grc' dir='ltr'>ἐφήμεροι</span> 
     </span>
     <span class='ocr_line' id='line_1_38' title="bbox 422 4481 937 4559; baseline -0.008 -19"><span class='ocrx_word' id='word_1_247' title='bbox 422 4487 438 4540; x_wconf 78' lang='lat' dir='ltr'>u</span> <span class='ocrx_word' id='word_1_248' title='bbox 458 4485 488 4559; x_wconf 78' lang='grc' dir='ltr'>δὴ</span> <span class='ocrx_word' id='word_1_249' title='bbox 510 4481 561 4556; x_wconf 86' lang='grc' dir='ltr'>βότ’</span> <span class='ocrx_word' id='word_1_250' title='bbox 583 4485 631 4538; x_wconf 85' lang='grc' dir='ltr'>αἰεὶ</span> <span class='ocrx_word' id='word_1_251' title='bbox 650 4487 735 4555; x_wconf 75' lang='grc' dir='ltr'>ζῶμεν</span> <span class='ocrx_word' id='word_1_252' title='bbox 754 4483 826 4538; x_wconf 72' lang='grc' dir='ltr'>οὐδὲν</span> <span class='ocrx_word' id='word_1_253' title='bbox 845 4482 937 4542; x_wconf 82' lang='grc' dir='ltr'>εἰδότες</span> 
     </span>
     <span class='ocr_line' id='line_1_39' title="bbox 425 4571 893 4652; baseline 0 -19"><span class='ocrx_word' id='word_1_254' title='bbox 425 4577 495 4638; x_wconf 85' lang='grc' dir='ltr'>ὅπως</span> <span class='ocrx_word' id='word_1_255' title='bbox 514 4578 618 4632; x_wconf 76' lang='grc' dir='ltr'>ἕκαστον</span> <span class='ocrx_word' id='word_1_256' title='bbox 638 4571 806 4652; x_wconf 62' lang='grc' dir='ltr'>ἐκτελευτήσει</span> <span class='ocrx_word' id='word_1_257' title='bbox 825 4575 893 4637; x_wconf 71' lang='grc' dir='ltr'>θεός.</span> 
     </span>
    </p>
   </div>
   <div class='ocr_carea' id='block_1_6' title="bbox 1542 2791 1546 3044">
    <p class='ocr_par' dir='ltr' id='par_1_18' title="bbox 1542 2791 1546 3044">
     <span class='ocr_line' id='line_1_40' title="bbox 1542 2791 1546 3044; baseline 0 0"><span class='ocrx_word' id='word_1_258' title='bbox 1542 2791 1546 3044; x_wconf 84' lang='grc' dir='ltr'>ί</span> 
     </span>
    </p>
   </div>
   <div class='ocr_carea' id='block_1_7' title="bbox 1546 3125 1547 3824">
    <p class='ocr_par' dir='ltr' id='par_1_19' title="bbox 1546 3125 1547 3824">
     <span class='ocr_line' id='line_1_41' title="bbox 1546 3125 1547 3824; baseline 0 0"><span class='ocrx_word' id='word_1_259' title='bbox 1546 3125 1547 3824; x_wconf 95' lang='lat' dir='ltr'> </span> 
     </span>
    </p>
   </div>
   <div class='ocr_carea' id='block_1_8' title="bbox 0 0 1554 5002">
    <p class='ocr_par' dir='ltr' id='par_1_20' title="bbox 0 0 1554 5002">
     <span class='ocr_line' id='line_1_42' title="bbox 0 0 1554 5002; baseline 0 0"><span class='ocrx_word' id='word_1_260' title='bbox 0 0 1554 5002; x_wconf 95' lang='lat' dir='ltr'> </span> 
     </span>
    </p>
   </div>
  </div>
 </body>
</html>
