3094 5002
772 326 813 393 26

225 496 368 566 omnium
404 500 713 570 Alexandrinarum
751 502 936 572 editionum
967 503 1058 572 ratio
1097 505 1224 573 certius
1262 529 1367 596 appa-

221 609 322 676 nebit.

308 719 350 784 ln
373 720 558 790 Semonidis
582 722 793 803 carminibus,
829 726 868 789 ut
891 724 932 788 ab
954 723 1204 812 iambographis
1228 725 1367 814 incipia-

222 853 312 911 mus,
348 829 429 896 haec
459 854 515 897 res
544 836 607 898 est.
652 833 687 898 fr
704 833 746 897 14
777 831 926 898 Galenus
959 833 1137 901 secundum
1170 835 1368 902 liberiorem

223 961 349 1004 morem
371 939 421 1007 ita
450 940 569 1008 laudat
591 940 624 1005 τά
658 939 738 1026 παρά
761 941 937 1027 Σημωνίδηι
968 943 1172 1028 γεγραμμένον
1202 945 1233 1009 ἐν
1265 949 1367 1009 τοῖσδε

222 1051 283 1121 τοῖς
313 1048 420 1113 ἔπεσιν.
484 1048 562 1116 inde
591 1050 681 1138 quod
711 1049 835 1116 Pollux
868 1051 915 1133 (fr
930 1052 982 1131 19)
1016 1052 1098 1119 dicit
1131 1054 1310 1140 Σημωνίδης
1349 1057 1366 1118 ὁ

223 1159 398 1244 ἰαμβοποιός
430 1159 471 1225 de
501 1183 538 1227 ec
562 1159 651 1247 quod
673 1164 793 1226 nostra
816 1183 903 1227 nunc
924 1161 1071 1228 interest
1103 1163 1266 1229 certiores
1296 1187 1367 1230 non

222 1268 337 1350 fimus,
383 1291 490 1356 neque
524 1293 565 1336 ex
582 1269 758 1336 Athenaei
780 1270 894 1338 verbis
918 1271 1036 1358 quibus
1060 1271 1094 1337 fr
1106 1272 1149 1337 22
1165 1295 1204 1359 sq
1234 1272 1366 1340 inducit

221 1379 251 1441 ἐν
277 1377 388 1462 ἰάμβωι
411 1379 445 1442 οὔ
468 1382 487 1464 ἡ
513 1381 591 1465 ἀρχή
616 1403 683 1466 eqs.
731 1387 845 1446 cetera
867 1383 978 1446 autem
1001 1380 1197 1448 testimonia
1218 1382 1310 1450 inter
1329 1406 1366 1450 se

223 1487 393 1553 simillima
415 1512 481 1554 non
504 1488 584 1555 licet
608 1488 797 1555 discutere:
823 1513 964 1576 quorum
980 1489 1102 1556 Suidae
1125 1491 1366 1577 gravissimum

223 1600 329 1679 esset,
362 1597 426 1663 nisi
460 1604 656 1685 corruptum
689 1602 796 1664 esset:
831 1598 1011 1680 fllessenim
1035 1623 1060 1665 s.
1080 1600 1248 1686 Σιμωνίδης
1279 1600 1365 1668 dicit

222 1706 348 1794 ἔγραψεν
382 1709 499 1791 ἐλεγεῖα
532 1711 653 1790 [-είοιν;
679 1708 794 1774 Consi.
818 1707 1065 1797 Palaeocappa]
1105 1712 1136 1774 ἐν
1173 1711 1294 1797 βιβλίοις
1336 1715 1361 1798 β,

224 1816 362 1902 ἰάμβους,
387 1840 483 1905 quem
506 1817 615 1883 locum
637 1817 806 1904 Berghius
840 1817 939 1903 p441
968 1817 1018 1884 ed.
1043 1843 1109 1884 non
1141 1819 1212 1886 sine
1242 1822 1364 1907 proha-

224 1925 359 1993 bilitate
382 1926 432 1992 ita
456 1927 606 1993 correxit
630 1927 756 2013 ἔγραψεν
781 1928 907 2009 ἐλεγεῖα,
942 1927 1065 2013 ἰάμβους
1088 1930 1118 1992 ἐν
1145 1929 1267 2016 βιβλίοις
1292 1929 1365 2016 Ab:

222 2058 299 2102 nam
323 2035 424 2102 etiam
448 2037 536 2123 apud
559 2036 644 2103 alios
668 2036 733 2101 duo
756 2035 941 2102 iamborum
957 2036 1038 2103 libri
1053 2043 1365 2106 commemorantur.

225 2169 281 2212 eos
311 2145 434 2213 Suidae
465 2146 638 2232 catalogos
671 2146 713 2212 ad
747 2144 911 2212 editiones
943 2146 1100 2234 antiquas
1133 2147 1246 2215 redire
1279 2148 1366 2216 satis

221 2254 338 2322 multis
363 2255 522 2343 exemplis
547 2258 691 2322 constat.
737 2254 875 2320 eandem
897 2254 1005 2340 igitur
1028 2255 1208 2324 editionem
1231 2264 1366 2345 spectat

223 2366 419 2432 Athenaeus
444 2365 501 2453 qui
535 2366 568 2430 fr
581 2365 619 2430 11
644 2366 674 2428 ἐν
700 2363 725 2450 β’
749 2363 864 2450 ἰάμβων
887 2364 956 2449 legi
979 2364 1114 2432 exhibet
1132 2370 1167 2433 et
1181 2366 1365 2435 Antiattic.

223 2497 275 2563 ap.
293 2475 399 2541 Bekk.
417 2475 504 2540 ani
525 2474 582 2561 qui
605 2475 639 2539 fr
657 2474 698 2538 35
722 2473 772 2539 ita
795 2473 946 2560 profert:
969 2474 1045 2559 Σημ.
1071 2476 1212 2560 δεοτέρωι
1226 2475 1272 2559 ¹⁰).
1314 2500 1366 2543 ce-

223 2584 309 2652 teris
338 2584 421 2651 locis
451 2607 518 2649 non
552 2582 690 2650 eandem
721 2582 907 2650 invenimus
936 2582 1198 2652 accurationem:
1232 2587 1262 2649 ἐν
1293 2586 1366 2670 ἰάμ-

225 2698 285 2782 βοις
313 2695 437 2761 iterum
470 2693 660 2781 iterumque
683 2691 811 2779 legitur
833 2692 929 2760 velut
953 2715 1004 2780 ap.
1029 2692 1242 2761 Athenaeum
1274 2695 1320 2778 (fr
1343 2696 1365 2761 8

224 2809 274 2892 sq)
309 2805 513 2891 Harpocrat.
540 2803 605 2885 (37)
641 2801 742 2868 schol.
767 2801 849 2866 Eur.
867 2801 933 2884 (10)
966 2802 1163 2889 Etymolog.
1187 2804 1255 2886 (18)
1290 2803 1365 2872 Cle-

222 2917 323 2981 ment.
347 2913 403 2979 Al.
429 2913 504 2995 (16).
552 2911 632 2999 quid
660 2911 789 2998 igitur?
833 2914 972 2999 praeter
1002 2911 1127 2999 elegias
1152 2912 1268 3000 ἰάμβων
1299 2912 1364 2980 (1οο

226 3023 307 3090 libri
330 3023 365 3088 in
388 3022 536 3089 editione
558 3020 794 3087 Alexandrina
816 3021 1016 3088 extiterunt.

308 3133 350 3199 In
372 3131 584 3220 Hipponacte
607 3130 831 3198 vetustiorem
859 3130 987 3198 citandi
1017 3154 1113 3198 usum
1145 3131 1366 3218 deprehendi·

221 3266 293 3309 mus
317 3241 407 3330 apud
429 3239 692 3327 Aristophanem
716 3241 801 3307 Ran,
818 3240 879 3305 661
916 3262 980 3326 quo
1010 3239 1082 3306 loco
1105 3240 1292 3327 Dionysius
1316 3241 1365 3308 di·

223 3353 270 3420 cit
292 3349 399 3437 ἴαμβον
419 3349 624 3422 Ἱππώνακτος
648 3351 909 3435 ἀνεμιμνησκόμην
932 3349 991 3436 qui
1012 3353 1126 3416 tamen
1141 3349 1268 3416 Ananii
1290 3374 1365 3418 esse

221 3461 368 3530 videtur.
388 3497 405 3518 ·
425 3482 531 3547 neque
560 3459 701 3526 metrica
723 3458 900 3526 Heliodori
929 3458 981 3540 (21
996 3458 1040 3541 A)
1073 3454 1368 3546 significatio‘lun.

223 3569 320 3636 collui
341 3569 459 3656 παρέβη
481 3575 540 3634 τῶν
564 3569 736 3655 ὡρισμένων
760 3570 790 3632 ἐν
811 3571 870 3640 τοῖς
887 3567 1005 3654 ἰάμβοις
1022 3566 1203 3635 editionem
1218 3569 1366 3637 Alexan·

223 3681 354 3748 drinam
378 3681 519 3766 spectat.
566 3679 655 3767 apud
677 3678 824 3766 reliquos
849 3681 962 3744 autem
984 3675 1066 3743 item
1088 3676 1275 3745 invenimus
1299 3679 1366 3765 ἰάμ

226 3877 327 3933 sariam
346 3875 431 3930 fuisse
450 3879 571 3946 negavit)
601 3892 669 3944 quas
698 3882 763 3929 nota
790 3875 839 3928 illa
858 3873 1072 3943 Hephaestionis
1097 3872 1268 3942 aliorumque
1288 3875 1365 3928 testi-

229 3971 320 4024 monia
347 3971 514 4038 respiciunt,
549 3971 575 4024 id
602 3971 674 4038 quod
703 3971 785 4023 etiam
811 3968 916 4022 Dielsio
941 3984 1101 4036 persuasum
1127 3981 1187 4020 esse
1213 3975 1297 4037 puto;
1336 3968 1370 4023 de

225 4066 315 4132 poetis
334 4065 402 4132 ipsis
422 4065 503 4133 plane
523 4067 628 4118 incerta
648 4080 692 4118 res
712 4069 761 4117 est.

298 4161 326 4227 9)
346 4168 443 4213 contra
472 4175 520 4212 cur
548 4158 680 4213 Simonidi
712 4164 761 4210 τῶι
788 4155 910 4208 ἐποποιῶι
937 4151 1124 4207 Alexandrino
1153 4154 1203 4208 illa
1228 4157 1368 4229 τριμέτρων

227 4252 308 4323 βίβλια
328 4255 342 4324 β
363 4269 421 4306 cum
441 4253 560 4320 Bergkio
579 4253 770 4306 abiudicentur
790 4265 843 4302 non
864 4245 941 4301 video
961 4262 1079 4301 causam.

286 4347 328 4417 10)
347 4348 450 4415 prioris
470 4348 535 4401 libri
554 4363 694 4400 numerum
715 4346 801 4397 latere
821 4340 913 4408 palem
932 4347 974 4394 est
1001 4341 1029 4392 in
1048 4339 1186 4412 Porphyri
1214 4343 1304 4398 verbis
1333 4343 1368 4398 ab

226 4440 346 4495 Eusebio
367 4442 484 4496 servatis
504 4442 543 4508 (6)
562 4441 587 4493 ἐν
605 4447 654 4493 τῶι
673 4438 809 4492 ἑνδεκάτωι
827 4451 859 4490 eo
878 4433 958 4487 modo
979 4436 1117 4502 corruptis
1136 4442 1166 4489 ut
1184 4443 1233 4490 τῶι
1251 4437 1276 4490 α’
1295 4438 1325 4507 (i.
1345 4453 1369 4492 e.

226 4535 343 4609 πρώτωι)
362 4535 433 4590 falso
453 4535 493 4590 sic
511 4541 549 4590 τῶ
569 4531 602 4588 ια’
621 4533 789 4589 scriberetur
807 4528 891 4599 (corr.
910 4527 1094 4597 Welckerus).
