3094 5002
770 297 813 364 42

220 478 339 543 contra
354 473 602 542 Eratosthenes
626 472 785 562 hymnum
809 497 882 542 esse
905 455 1050 564 putabat
1072 474 1202 565 triplici
1226 476 1372 565 ephym-

218 585 273 652 nio
297 586 445 651 καλλίνικε
467 585 632 672 insignem
641 585 688 668 ⁸⁵).
723 589 903 674 praeterea
926 585 985 652 ille
1008 588 1136 671 τήνελλα
1160 587 1370 655 Archilocho

219 695 442 778 abiudicavit,
475 695 563 785 quod
598 718 635 764 eo
670 696 766 762 modo
791 700 904 763 ortum
927 719 1001 764 esse
1024 696 1130 780 dixit,
1163 701 1203 764 ut
1225 697 1370 764 tibicine

218 806 358 873 absente
375 807 538 872 exarchus
562 830 625 894 pro
642 805 803 874 tibiarum
826 829 907 874 sono
931 809 1056 892 τήνελλα
1077 807 1283 874 exclamaret
1307 807 1368 878 ἔξω

219 919 271 979 τοῦ
296 916 412 1001 μέλους,
437 916 557 983 chorus
581 916 730 982 καλλίνικε
753 915 910 998 adderet,
946 916 1032 983 unde
1065 918 1192 1002 τήνελλα
1214 899 1369 982 καλλίνικε

218 1025 346 1092 factum
368 1047 441 1093 esse
465 1028 617 1114 putabat.
656 1026 697 1093 de
720 1026 781 1092 hoc
804 1029 1028 1093 comestarum
1052 1031 1152 1094 cantu
1176 1025 1257 1115 quid
1279 1027 1368 1093 Era·

218 1135 394 1202 tosthenes
417 1135 628 1219 iudicaverit,
654 1135 791 1202 difficile
815 1135 908 1203 dictu
938 1139 1008 1220 est;
1043 1157 1120 1202 nam
1146 1137 1247 1224 plura
1277 1137 1367 1224 cogi-

218 1243 289 1309 tari
311 1249 470 1332 possunt:
501 1248 627 1331 τήνελλα
658 1244 740 1313 dicit
769 1247 810 1312 ab
841 1245 984 1312 exarcho
1008 1246 1265 1334 pronuntiatum
1289 1269 1364 1313 esse

220 1349 276 1422 ἔξω
299 1357 352 1417 τοῦ
377 1353 501 1438 μέλους,
533 1354 669 1420 chorum
700 1354 848 1418 καλλίνικε
877 1353 1056 1438 adiecisse3
1088 1355 1146 1442 qui
1167 1359 1283 1422 utrum
1305 1377 1364 1442 po·

221 1468 295 1529 stea
317 1463 478 1549 hymnum
501 1462 661 1529 cecinerit
692 1485 735 1529 an
763 1461 848 1528 nihil
871 1462 1043 1530 addiderit
1073 1487 1140 1530 non
1170 1466 1263 1530 certo
1288 1486 1362 1530 eon·

220 1577 301 1639 stat.
346 1569 531 1639 verisimile
563 1575 616 1640 est
645 1593 724 1639 sane
758 1595 832 1640 eum
867 1573 907 1639 de
939 1572 1012 1639 solo
1042 1572 1210 1640 versiculo
1234 1576 1362 1658 τήνελλα

219 1669 368 1744 καλλίνικε
391 1680 568 1767 cogitasse.
615 1680 703 1767 quod
727 1680 756 1746 si
779 1703 896 1747 verum
920 1685 988 1763 est,
1022 1679 1125 1746 etiam
1147 1681 1255 1747 verba
1277 1701 1363 1766 quae

220 1792 380 1855 secuntur
403 1788 643 1855 Eratosthenis
668 1812 740 1856 esse
764 1788 941 1856 videntur:
972 1791 992 1874 ἡ
1018 1788 1051 1852 δέ
1075 1787 1155 1876 ἀρχὴ
1179 1793 1231 1852 τοῦ
1256 1789 1363 1874 μέλους

118 1904 120 1909 ’
220 1896 349 1984 (hymni
373 1896 502 1965 seilicet
523 1896 752 1983 Archilochei)
775 1897 867 1960 ἐστίν·

394 2009 419 2070 ὦ
441 2006 590 2071 καλλίνικε
611 2004 688 2093 χαῖρ’
718 2005 787 2078 ἄναξ
808 2001 985 2091 Ἡράκλεες.

219 2115 347 2203 primus
370 2114 478 2202 igitur
501 2138 619 2182 versus
651 2114 810 2181 trimeter
843 2113 1002 2182 iambicus
1027 2113 1181 2180 affertur.
1230 2113 1283 2180 sin
1304 2137 1363 2202 po-

219 2224 328 2290 nimus
351 2224 511 2309 hymnum
531 2223 727 2290 Archilochi
749 2245 769 2290 a
792 2224 893 2290 choro
917 2225 1089 2290 cantatum
1112 2246 1195 2306 esse,
1219 2245 1364 2310 quonam

219 2332 248 2399 is
272 2355 351 2398 usus
388 2332 434 2399 sit
456 2335 566 2398 metro
589 2331 773 2415 nescimus;
807 2353 914 2419 neque
947 2330 1034 2398 enim
1056 2333 1184 2416 τήνελλα
1206 2332 1363 2398 Archilo-

219 2442 334 2509 cheum
367 2464 440 2509 esse
475 2441 612 2530 putavit
639 2463 746 2529 neque
776 2441 870 2508 illam
901 2444 926 2505 ὡ
960 2442 1109 2506 καλλίνικε
1132 2443 1193 2505 κτλ.
1217 2441 1363 2508 formam

218 2552 253 2618 in
276 2551 385 2618 animo
409 2552 533 2618 habere
556 2551 687 2640 potuit,
721 2573 794 2617 cum
824 2573 841 2617 e
871 2550 989 2638 primis
1021 2551 1135 2617 verbis
1158 2549 1364 2618 versiculum

219 2665 348 2748 τήνελλα
370 2663 518 2728 καλλίνικε
541 2661 705 2729 coaluisse
729 2664 892 2728 censeret.
926 2682 1030 2748 quare
1053 2660 1134 2728 haec
1156 2661 1267 2730 altera
1290 2683 1365 2728 sen·

219 2771 331 2840 tentia
353 2771 521 2839 reicienda
544 2794 618 2838 esse
641 2771 787 2838 videtur.
833 2769 900 2835 iam
922 2769 1086 2856 neglectis
1119 2770 1195 2838 aliis
1225 2770 1363 2838 fabellis

219 2903 240 2946 a
263 2879 401 2967 Syhelio
425 2879 575 2965 Berghio
598 2878 672 2945 iure
695 2876 862 2945 damnatis
886 2877 928 2944 de
950 2877 1191 2945 Eratosthenis
1224 2883 1259 2946 et
1281 2879 1362 2945 Ari-

222 2989 351 3057 starchi
384 2987 591 3055 auctoritate
626 3009 835 3076 quaeramus.
881 2986 1128 3054 Eratosthenes
1159 2987 1363 3056 Archilocho

220 3099 381 3185 hymnum
403 3097 438 3162 in
451 3097 631 3164 Herculem
657 3095 868 3182 vindicabat;
898 3095 969 3163 sive
993 3095 1187 3164 coniectura
1210 3120 1265 3165 eos
1289 3123 1365 3167 ver-

223 3206 345 3275 siculos
370 3205 533 3273 conclusit
555 3205 673 3292 hymni
696 3229 769 3272 esse
794 3205 865 3272 sive
888 3204 1023 3272 aliunde
1053 3205 1134 3273 talis
1157 3206 1303 3294 hymnus
1334 3209 1366 3276 ei

222 3320 322 3383 notus
346 3315 422 3400 fuit,
446 3315 481 3381 id
504 3315 656 3382 dubitari
678 3315 811 3401 nequit,
842 3314 922 3403 quin
953 3317 994 3382 ab
1018 3315 1220 3383 Aristarcho
1242 3317 1366 3385 Pinda-

222 3426 318 3513 rique
342 3427 605 3491 commentatore
628 3423 773 3491 reieotus
799 3423 854 3490 sit.
953 3427 990 3489 at
1012 3445 1119 3512 neque
1142 3423 1366 3494 Eratostheni

222 3558 329 3622 neque
342 3533 544 3600 Aristarcho
568 3532 739 3620 integrum
762 3555 896 3600 carmen
918 3535 1057 3620 praesto
1081 3532 1186 3602 fuisse
1209 3535 1366 3622 videtur3

222 3651 364 3732 uterque
388 3643 475 3710 enim
497 3666 563 3710 non
585 3643 780 3708 Archilochi
803 3665 921 3710 versus
944 3642 1114 3729 proponit,
1144 3643 1204 3711 sed
1225 3644 1368 3714 Pindari

220 3777 340 3822 versus
358 3753 514 3840 explicat.
554 3756 632 3818 utut
647 3752 729 3819 haec
753 3775 788 3818 se
804 3752 937 3834 hahent,
963 3774 1004 3818 ne
1020 3751 1216 3819 Aristarchi
1232 3754 1368 3841 quidem

223 3864 426 3933 sententiam
448 3866 566 3929 tenere
588 3861 685 3929 licet:
716 3862 919 3928 adversatur
951 3859 1038 3927 enim
1070 3865 1105 3928 et
1127 3862 1270 3928 Pindari
1284 3887 1368 3930 sen·

223 3975 352 4043 tentiae
377 3977 412 4040 et
436 3972 643 4040 Graecorum
666 3970 915 4040 consuetudini:
939 3969 1108 4037 Pindarus
1132 3995 1199 4037 non
1221 3971 1305 4040 dicit
1327 3973 1368 4042 ut

224 4083 448 4152 Aristarchus
478 4081 589 4149 voluit
618 4081 650 4146 τὸ
682 4079 855 4170 Ἀρχιλόχου
889 4081 976 4165 μέλος
1008 4081 1145 4166 τριπλόον
1178 4081 1278 4170 (quod
1309 4082 1368 4150 vix

226 4249 432 4258 ,μη-κνῆ,

297 4345 343 4414 35)
364 4354 459 4416 aperto
480 4343 601 4416 additum
621 4350 662 4398 est
680 4341 710 4396 oh
728 4343 883 4416 τρίστμυφον.
921 4341 1055 4408 Berghius
1074 4341 1159 4410 igitur
1182 4344 1292 4411 errfavit¹
1322 4346 1370 4414 qui

225 4445 315 4494 tamen
335 4445 392 4492 tres
412 4439 540 4508 strophas
559 4437 640 4491 otiam
652 4435 833 4490 Eratostheni
848 4434 1012 4503 vindicabat,
1032 4436 1177 4507 ephymnic
1196 4443 1277 4492 terna
1298 4445 1369 4499 stro·

224 4533 287 4603 phis
305 4534 452 4588 inserebat.
