3094 5002
758 320 801 386 38

202 495 289 566 unde
302 494 414 565 altera
426 497 526 562 aucta
540 496 640 580 osset;
658 493 747 581 apud
755 492 993 561 Archilochum
1007 493 1058 560 ita
1071 517 1206 561 versum
1217 493 1359 588 fluxisse

377 603 454 668 ἀλλά
479 629 528 690 μοι
552 605 648 690 ροικός
670 628 712 676 τις
736 601 781 689 εἴη
805 602 878 668 κάπὶ
900 605 1056 688 ncipatum
1081 603 1180 676 δασύς.

202 716 240 783 at
252 712 371 780 Dionis
395 716 500 782 verba
523 713 658 796 ultima'
678 735 762 801 quae
785 737 852 780 non
875 716 1008 780 mutata
1025 716 1267 781 tetrametrum
1283 715 1357 781 effi·

205 822 315 906 ciunt,
350 822 469 891 divelli
490 843 556 890 non
578 827 731 910 possunt.
765 823 867 911 quid?
903 823 932 889 si
955 822 1120 910 genuinus
1145 823 1216 891 sit?
1251 824 1357 892 etiam

204 932 287 998 haec
310 931 481 999 sententia
503 931 593 998 falsa
615 936 677 998 est.
716 953 793 997 nam
817 937 961 1021 apparet
984 934 1091 999 verba
1113 931 1357 1021 instrepentem

203 1042 339 1130 βεβηκὼς
372 1041 476 1109 etiam
508 1040 659 1108 aDione
682 1041 823 1108 laudata
858 1040 1066 1107 omnimodo
1100 1042 1247 1110 tenenda
1271 1067 1355 1112 esse.

201 1150 322 1239 quihus
351 1150 495 1218 statutis
525 1171 632 1238 pauca
666 1153 772 1218 verba
803 1154 987 1238 supersunt
1016 1151 1093 1216 ἀλλά
1124 1179 1173 1237 ραι
1197 1151 1244 1239 εἴη
1268 1176 1355 1241 quae

205 1259 277 1327 sine
300 1258 401 1332 dubio
426 1282 501 1326 eum
522 1281 658 1325 versum
681 1263 952 1330 antecesserunt:
977 1283 1059 1347 ergo
1084 1267 1163 1329 sunt
1187 1283 1272 1350 quae
1288 1261 1356 1328 Dio

203 1368 366 1435 omiserit.
409 1367 477 1434 iam
500 1367 529 1435 si
552 1390 672 1435 versus
696 1367 798 1456 primi
822 1369 914 1454 μέγας
937 1369 1146 1458 respicimus,
1172 1372 1274 1457 μικρός
1297 1386 1356 1438 ve-

207 1478 383 1546 hementer
398 1477 604 1565 postulatur.
640 1480 821 1565 praeterea
839 1478 901 1544 Dio
919 1477 983 1544 duo
1007 1478 1048 1545 de
1072 1479 1227 1546 cruribus
1250 1481 1356 1547 affert

207 1585 320 1654 altera
329 1586 491 1671 ἀσφαλέως
505 1587 641 1673 βεβηκώς
653 1585 798 1672 imagine
811 1586 990 1654 disiuncta.
1014 1591 1086 1654 stat
1094 1587 1203 1674 igitur
1213 1588 1357 1675 Bergkii

203 1695 461 1783 interpretatio:
486 1695 551 1762 Dio
575 1719 648 1762 oum
671 1717 728 1762 eos
752 1718 872 1784 versus
890 1696 1085 1763 memoriter
1108 1698 1261 1781 afferret,
1286 1697 1356 1764 alia

209 1804 332 1886 omisit,
357 1828 398 1871 ex
421 1805 497 1873 aliis
522 1805 562 1873 de
586 1829 645 1872 suo
662 1809 784 1873 novum
799 1809 1039 1873 tetrametrum
1055 1806 1163 1874 finxit.
1253 1830 1357 1873 unum

201 1912 290 2001 quod
312 1916 425 1980 restat
449 1915 675 2001 quaerendum
687 1913 735 1998 52),
766 1918 882 1981 utrum
906 1915 1001 2000 ροικός
1033 1937 1077 1980 an
1101 1916 1201 2003 ῥαιβός
1225 1914 1354 1984 maiore

189 2027 321 2114 utatur
345 2022 562 2106 auctoritate,
586 2022 688 2090 alium
712 2022 877 2090 inlocum
901 2023 1099 2111 seponimus.
1123 2091 1129 2095 .

292 2133 348 2202 86³
372 2131 434 2197 hoo
456 2131 684 2218 fragmentum
708 2154 727 2198 a
751 2133 878 2200 duobus
902 2136 1036 2200 tantum
1059 2133 1255 2201 auctoribus
1279 2137 1352 2200 tra·

202 2241 314 2308 ditur:
350 2263 426 2306 nam
461 2265 574 2310 omnes
606 2244 714 2308 testes
740 2241 797 2329 qui
820 2240 923 2305 ἔθεντο
958 2241 1164 2330 scripturam
1187 2243 1354 2329 praebent

204 2372 245 2416 ex
268 2371 333 2414 uno
347 2348 478 2416 Lucillo
494 2350 666 2418 Tarrhaeo
683 2349 878 2432 hauserunt,
903 2349 938 2416 id
962 2349 1049 2438 quod
1073 2349 1135 2416 hoo
1156 2349 1230 2416 loco
1246 2372 1355 2439 neque

204 2481 340 2525 necesse
364 2463 399 2526 et
422 2458 559 2546 longum
582 2465 635 2527 est
659 2481 835 2547 exponere.
882 2459 917 2524 in
940 2482 1043 2526 versu
1070 2459 1177 2527 tertio
1200 2459 1354 2527 Lucillus

203 2567 395 2634 Tarrhaeus
427 2569 631 2657 scripturam
655 2568 776 2652 ἔθεντο,
811 2567 1014 2656 Apollonius
1048 2569 1165 2655 έρειξαν
1197 2572 1352 2658 praehet,

200 2680 378 2765 utramque
389 2678 602 2747 Eustathius.
635 2678 760 2745 dehac
784 2677 1013 2766 discrepantia
1036 2678 1117 2767 quid
1139 2679 1354 2748 iudicandum

199 2788 328 2854 sitnon
345 2795 397 2855 est
416 2788 560 2869 dubium,
579 2787 730 2876 quamvis
746 2789 851 2854 honus
869 2788 969 2855 testis
983 2789 1133 2857 Lucillus
1151 2789 1206 2856 sit.
1246 2789 1352 2856 ἔθεντο

199 2898 241 2962 ab
254 2895 386 2963 homine
401 2896 611 2985 interpolata
627 2900 689 2978 est,
708 2895 763 2984 qui
778 2895 875 2962 verbi
890 2894 1006 2981 έρειξαν
1024 2894 1198 2964 translata
1212 2897 1353 2967 notione

199 3008 234 3071 et
248 3002 441 3092 pleonasmo
459 3004 691 3071 offenderetur
700 3027 707 3087 ;
732 3025 753 3070 a
768 3006 870 3090 poeta
886 3002 994 3090 igitur
1011 3003 1122 3071 aliena
1138 3009 1201 3072 est.
1238 3029 1352 3095 quam·

199 3135 297 3202 quam
320 3136 392 3180 rem
414 3113 591 3200 attigimus
616 3112 701 3179 satis
717 3112 977 3200 memorabilem,
1003 3112 1074 3180 sive
1089 3113 1241 3181 Lucillus
1260 3116 1351 3184 sicut

201 3222 403 3289 Eustathius
444 3222 609 3310 duplicem
644 3221 773 3289 invenit
812 3221 1016 3309 scripturam
1052 3223 1124 3290 sive
1153 3224 1353 3293 Archilochi

200 3330 350 3418 exemplo
385 3354 465 3398 usus
499 3337 552 3398 est
583 3332 625 3397 ab
650 3329 824 3417 Apollonii
856 3329 979 3397 alieno:
1014 3354 1120 3420 neque
1153 3331 1241 3398 enim
1269 3355 1350 3400 casu

201 3439 329 3507 factum
361 3445 423 3524 est,
459 3437 547 3526 quod
578 3438 729 3504 Lucillus
760 3437 874 3506 eodem
906 3439 979 3505 loeo
1003 3461 1065 3528 pro
1089 3439 1229 3506 Hesiodi
1263 3463 1350 3528 quae

197 3569 257 3612 nos
280 3545 423 3633 legimus
440 3545 553 3612 verbis
578 3545 686 3612 0202
705 3549 872 3633 βασιλεῦσιν
895 3546 971 3633 ἐρέω
996 3547 1154 3633 φρονέουσι
1177 3546 1226 3612 καὶ
1249 3549 1350 3625 αὐτοῖς

194 3657 276 3724 haec
298 3657 441 3742 praebet
466 3657 616 3742 βασιλεῦσ’
640 3657 716 3744 ἐρέω
739 3657 855 3722 νοέουσι
879 3659 939 3719 κτλ.

281 3765 353 3830 lam
371 3763 412 3830 de
428 3762 469 3829 iis
486 3786 592 3852 pauca
610 3764 726 3850 dicam,
751 3788 836 3854 quae
860 3766 900 3832 de
924 3765 1020 3834 novis
1042 3765 1241 3853 quibusdam
1256 3768 1350 3856 frag-

193 3872 315 3939 mentis
328 3871 521 3959 nuperrime
533 3872 601 3940 viri
617 3873 707 3941 docti
720 3875 937 3962 comprobare
951 3872 1167 3940 studuerunt.
1191 3874 1348 3944 Blassius

194 3982 229 4048 in
253 3982 399 4048 Hermae
423 3981 489 4049 vol.
504 3983 774 4071 xxxfflpcsc
810 3981 949 4049 schedae
988 4003 1200 4068 papyraceae
1224 3984 1348 4054 misero

193 4092 416 4159 detruncatae
428 4091 719 4161 Flindcrs·Petrie
735 4114 809 4181 pap.
828 4092 878 4158 ed.
893 4091 1072 4177 Mahaffyl
1084 4093 1154 4158 tuh.
1166 4093 1250 4159 iva
1266 4094 1347 4162 reli-

193 4200 288 4290 quias
313 4206 391 4288 post
404 4200 571 4269 Diolsium
583 4201 786 4269 Archilocho
810 4201 1007 4270 vindicavit.
1054 4221 1134 4268 sane
1159 4203 1347 4274 verisimile

264 4454 312 4524 32)
331 4455 413 4510 etiam
433 4455 461 4508 in
482 4455 571 4510 verbis
591 4455 633 4509 aul
652 4455 707 4528 περὶ
719 4456 818 4528 κνήμας
838 4455 897 4508 roes
919 4453 1001 4526 ροικός
1022 4454 1194 4525 offendimur,
1213 4474 1265 4526 pro
1287 4460 1348 4528 qui·

195 4547 246 4602 hus
266 4547 410 4603 Koibelius
430 4549 575 4617 proposuit
595 4547 638 4602 καί
653 4568 676 4603 τι
695 4549 738 4602 acl
757 4549 856 4621 κνήμας
876 4548 935 4601 ἰδεῖν
955 4546 1047 4620 peruia
