3094 5002
847 299 888 371 76

296 471 438 565 donique
461 475 550 566 opud
571 475 789 567 posteriores.
835 477 1002 548 Homerus
1025 501 1087 568 pro
1108 477 1222 567 νύκτωρ
1238 478 1323 550 dicii
1337 479 1440 555 νοντάς

294 585 341 651 ἐπὶ
365 587 446 652 νυκτί
491 586 548 654 ἀνά
567 589 666 656 νύκτα.

376 697 479 782 πλέος]
502 699 675 771 Archon
697 701 821 788 καρδίης
844 701 942 774 πλέος.
987 699 1077 789 apud
1093 700 1188 768 Hom.
1210 701 1321 769 forma
1338 705 1438 776 πλεῖος
1524 779 1526 794 1

289 805 503 895 οοὶδσδοζσοδ;
528 811 616 884 πλέος
636 815 733 879 exist
748 813 827 879 Hes.
842 811 952 879 0792
968 811 1062 876 πλέοι
1077 814 1170 897 ἤματι
1185 810 1382 884 Parmenih
1394 815 1438 880 D.

287 922 344 982 πᾶν
367 918 456 983 πλέον
480 920 558 985 ἐστίν
581 920 737 988 Herodl
752 922 891 988 178194
913 926 1002 1009 trag.
1015 921 1103 988 Plau
1116 922 1222 1007 ch.;
1255 922 1346 1011 opud
1368 923 1436 991 As-

287 1023 373 1095 tioos
397 1027 497 1103 πλέως
520 1034 555 1098 ei
579 1033 695 1118 πλήρης
717 1031 852 1099 dicitur.

374 1139 491 1228 σείριος]
517 1163 637 1209 nomen
660 1141 791 1224 stellae,
816 1142 904 1230 quod
927 1165 988 1229 pro
1008 1141 1079 1208 sole
1091 1140 1246 1210 adhibuit
1262 1141 1366 1210 Arch.
1378 1143 1433 1212 611

287 1249 393 1336 σείριος
416 1256 585 1333 καταοανεῖ,
610 1252 753 1341 primum
776 1251 905 1339 legitur
927 1252 1006 1320 Hes.
1023 1251 1137 1318 0.417
1150 1251 1301 1319 587609.

371 1358 527 1427 hocloco
552 1362 712 1428 subiciam
743 1363 940 1430 vocabulum
971 1360 1181 1430 rarissimum

287 1468 469 1554 θέοσασθαι]
493 1470 665 1541 Archile
698 1465 878 1558 θεσσάμενοι
909 1471 1051 1558 γλυκερὸν
1074 1472 1177 1536 νόστον
1202 1495 1239 1539 eo
1264 1495 1344 1539 usus
1368 1478 1434 1540 est.

283 1583 463 1666 praeterea
485 1580 613 1668 legitur
635 1583 670 1648 in
681 1582 849 1662 Hesiodeo
862 1583 896 1648 fr
908 1583 970 1648 137
996 1574 1179 1667 θεσσάμενος
1202 1582 1306 1668 γενεὴν
1331 1581 1433 1647 Κλεο-

289 1690 374 1757 δαίου
397 1691 683 1783 κρδαλίμοιοΡὶῃθ.
702 1694 842 1762 N.V10
865 1692 1020 1780 (ἄρουραν)
1053 1689 1105 1757 τάν
1129 1690 1272 1778 εὔανδρον
1296 1742 1304 1756 .
1329 1741 1336 1755 .
1360 1693 1432 1757 θέσ-
1525 1755 1526 1764 ,

285 1825 384 1866 σαντο.
425 1801 609 1868 Hesiodum
640 1803 780 1891 respicii
803 1803 917 1891 Apoll.
928 1803 969 1872 R.
985 1801 1077 1871 [824
1106 1801 1288 1890 θεσσάμενοι
1312 1802 1428 1868 παίδων
1525 1855 1526 1872 ι

289 1910 372 1994 γένος
396 1912 485 1975 ὅσσον
509 1910 636 1978 ἔλειπτο.

374 2020 513 2089 Senium
543 2044 677 2089 carmen
705 2021 908 2089 Archilocho
944 2022 1114 2090 reeeniius
1147 2022 1315 2090 hocloco
1338 2045 1359 2090 e
1380 2046 1433 2090 me
1525 2071 1526 2082 ι

283 2154 350 2196 non
373 2136 449 2199 erat
472 2129 672 2218 curandum
696 2132 818 2222 inquo
843 2133 977 2220 αὐλητήρ
1001 2135 1107 2216 exiet,
1131 2157 1162 2199 v.
1176 2133 1258 2232 ρθλ.

371 2265 413 2332 in
434 2264 496 2332 heo
518 2264 757 2332 vocabulorum
787 2265 931 2332 maheria
953 2264 1155 2333 Archilocho
1186 2287 1260 2332 oum
1281 2264 1430 2332 Hesiodo

284 2374 504 2443 communium
536 2375 666 2442 nullum
699 2377 805 2457 exiet,
841 2397 905 2462 quo
939 2374 1151 2463 comprobari
1183 2373 1287 2442 liceat
1310 2373 1430 2442 Archi-

285 2485 417 2552 lochum
435 2485 531 2551 illum
546 2485 699 2553 consulto
718 2487 868 2552 secutum
885 2507 966 2552 esse.
1013 2484 1081 2550 alia
1097 2484 1205 2570 igitur
1219 2503 1429 2573 quaeramus

282 2616 366 2683 quae
389 2594 430 2662 de
453 2593 514 2660 hoc
541 2593 737 2684 quaestione
769 2593 927 2660 iudicium
959 2594 1153 2662 admittunt.
1198 2597 1301 2682 atque
1324 2587 1426 2662 unum

282 2710 344 2786 est,
381 2704 468 2772 unde
497 2703 570 2772 iure
594 2703 629 2770 id
652 2704 839 2787 concludas,
871 2726 1069 2792 quamquam
1097 2727 1165 2770 non
1181 2703 1426 2775 certissimum.

280 2813 448 2881 Hesiodus
466 2813 602 2881 Th.120
616 2837 678 2903 sqq
700 2813 853 2901 habeiffl)
873 2805 963 2900 Ἔρος
989 2865 1017 2879 ..
1042 2813 1278 2900 λυσιμελὴς
1308 2815 1427 2880 πάντων
1523 2883 1524 2908 ρ

279 2949 312 2988 τε
346 2925 423 2988 θεῶν
457 2917 574 2989 πάντων
606 2926 805 3011 τ’ἀνθρώπων
837 2916 983 3009 δάμναται
1017 2926 1048 2988 ἐν
1084 2925 1227 3010 στήθεσσι
1261 2925 1326 2989 νόον
1359 2927 1423 2990 κτλ.

278 3033 321 3100 ib.
336 3034 400 3100 910
423 3034 463 3101 de
487 3034 618 3101 Gratiis
650 3034 778 3122 legitur
801 3039 860 3098 τῶν
882 3032 933 3097 καὶ
957 3032 1014 3099 ἀπὸ
1040 3032 1201 3123 βλεφάρων
1232 3033 1299 3121 ἔρος
1331 3033 1428 3122 εἴβετο

281 3136 490 3229 δερκομενάων
513 3145 683 3229 λυσιμελής.
743 3143 858 3211 eodem
882 3143 1032 3231 epitheto
1055 3142 1220 3231 principio
1245 3143 1286 3211 de
1310 3167 1426 3212 somno
1522 3147 1523 3194 λ

282 3251 372 3319 dicto
398 3254 469 3317 057
492 3252 588 3339 4343
611 3252 835 3320 Archilochus
848 3254 890 3320 85
920 3252 1078 3321 similiter
1106 3275 1188 3320 usus
1220 3255 1273 3320 esi
1296 3251 1374 3318 ἀλλά
1397 3253 1427 3338 μ’
1522 3255 1523 3260 ’

284 3364 299 3424 ὁ
324 3361 483 3447 λυσιμελὴς
507 3413 537 3424 ..
563 3364 707 3448 δάμναται
730 3364 840 3444 πάθος,
872 3362 893 3428 i.
906 3387 932 3430 e.
964 3385 1080 3431 vocem
1112 3362 1226 3431 eodem
1256 3363 1354 3429 modo
1386 3361 1430 3429 ad

282 3486 428 3538 amorem
460 3472 642 3540 irensiulii
673 3495 737 3561 quo
770 3471 939 3540 Hesiodus
950 3471 999 3560 θθ’).
1047 3472 1139 3540 cuius
1170 3476 1351 3540 concentus
1374 3471 1426 3540 vis

286 3604 324 3648 eo
349 3585 497 3668 augetur,
519 3582 606 3670 quod
630 3582 731 3650 etism
756 3576 903 3668 δάμναται
925 3582 1065 3650 verbum
1087 3581 1241 3649 adhibuit
1262 3582 1428 3650 sicutHc-
1521 3647 1522 3670 ρ

285 3688 408 3758 siodus¹
477 3691 639 3760 minorem
662 3698 781 3761 contra
803 3694 860 3760 vei
882 3691 1009 3758 nullam
1027 3691 1268 3761 auctoritatem
1284 3692 1426 3760 concedo

281 3800 385 3868 alieri
415 3806 613 3888 argumento
644 3807 722 3891 post
745 3805 919 3889 Heyerum
950 3824 970 3868 a
1000 3801 1144 3869 Steiizio
1178 3800 1241 3890 (ed.
1258 3803 1323 3890 ρ2)
1350 3826 1428 3890 pro-

280 3911 391 3998 posito
403 3911 457 3999 ³6):
482 3934 559 3980 nam
582 3913 661 3982 Hes.
677 3914 714 3982 Ο.
728 3914 791 3982 213
812 3913 847 3979 σὺ
866 3915 891 3977 δ’
902 3911 993 3977 ἄκουε
1012 3913 1106 3998 δίκη-ς,
1131 3913 1202 3999 μηδ’
1222 3913 1304 4000 ὕβριν
1320 3911 1429 4000 ὄφελλε

362 4227 408 4295 34)
428 4225 456 4280 ci
464 4225 602 4293 haegerus
619 4225 663 4278 λλ.
678 4227 748 4294 ρ23.
836 4233 837 4236 ’

359 4321 405 4390 35)
424 4320 490 4375 item
509 4320 620 4388 Sappho
630 4323 664 4373 40
684 4320 738 4391 ἔρος
757 4319 778 4372 δ’
788 4317 847 4372 αὀτέ
867 4315 893 4387 μ’
915 4317 927 4370 ὁ
952 4316 1086 4388 λυσιμελὴς
1112 4315 1177 4368 δόνει
1195 4313 1346 4369 Hesiodum
1374 4315 1432 4370 imi·
1519 4375 1520 4386 ρ

288 4420 349 4474 toto
368 4430 429 4470 esse
448 4414 562 4469 videtur.
585 4445 613 4454 ·-
636 4413 757 4481 Theogn.
766 4414 818 4468 838
837 4411 938 4479 legitur
957 4410 1018 4482 δίψα
1038 4449 1045 4464 .
1064 4451 1071 4464 .
1090 4409 1232 4482 λυσιμελής.

360 4509 409 4584 36)
428 4510 483 4564 alia
502 4523 572 4580 quae
590 4507 638 4565 ille
657 4507 803 4580 proposuit
822 4521 875 4564 non
895 4505 953 4562 sine
973 4518 1057 4564 causa
1077 4511 1233 4578 praetereo.
