3094 5002
721 307 763 375 39

167 483 220 554 est
251 505 308 551 eas
330 484 611 551 tetrametrorum
635 505 725 568 esse;
751 481 1000 550 etiemlonicee
1017 481 1154 550 dialecti
1169 481 1318 570 vestigia

167 597 262 662 certa
278 598 374 679 sunt;
398 593 527 662 accedit
543 593 632 682 quod
646 593 682 660 in
698 617 735 660 eo
752 616 855 661 versu
870 593 945 680 (ool.
959 593 1048 675 113),
1073 593 1166 659 cuius
1182 591 1316 659 initium

167 707 192 768 et
216 703 272 791 γοίρ
297 703 350 792 dtr
374 707 437 788 est,
461 704 497 770 in
518 703 644 792 papyri
656 701 801 788 imagine
824 705 903 790 post
919 701 1066 791 spatium
1089 705 1218 790 septem
1241 701 1315 769 fere

165 814 408 883 litterarumN
430 814 550 882 littero
573 813 716 881 emicare
732 812 886 880 videtur:
910 810 1024 878 tamen
1053 815 1192 898 praeter
1218 810 1314 879 illum

167 946 304 991 versum
327 923 361 988 fr
373 923 414 989 71
1137 966 1139 970 -
1217 929 1219 935 “

322 1033 347 1096 εἰ
370 1032 427 1117 γὰρ
454 1035 494 1104 ὣς
518 1029 586 1115 ἐμοί
616 1030 745 1114 γε’Νοιτο
767 1031 855 1116 χεῖρα
880 1027 1054 1115 Νεοβούλης
1080 1029 1175 1112 θιγεῖν

169 1141 269 1209 multi
292 1141 351 1209 alii
368 1139 514 1227 cogitari
529 1143 680 1229 possunt.
721 1162 793 1206 cum
815 1143 996 1227 praeterea
1018 1138 1133 1205 lonico
1148 1137 1314 1206 dialectus

167 1251 279 1339 poesis
302 1251 437 1339 generis
462 1250 522 1332 sit,
559 1272 626 1315 non
649 1248 753 1318 solius
777 1248 989 1332 Archilochi,
1025 1272 1081 1316 res
1104 1248 1186 1316 mihi
1207 1247 1313 1315 incer·

166 1361 300 1429 tissima
322 1360 469 1428 videtur.

253 1473 364 1537 totam
386 1469 537 1536 fabulam
550 1467 755 1536 Archilocho
778 1468 921 1536 reddere
934 1466 1075 1534 Orosius
1098 1470 1237 1532 conatus
1260 1469 1314 1532 est

166 1579 201 1645 in
216 1579 458 1648 dissertatione
470 1579 554 1644 Mus.
568 1578 674 1646 Rhen.
687 1578 755 1646 vol.
767 1578 810 1642 49
821 1600 842 1664 p
853 1578 917 1643 299
929 1578 1068 1643 inserte.
1102 1580 1204 1662 atque
1229 1595 1313 1663 quee

166 1689 207 1754 de
224 1689 396 1754 simiarum
412 1688 612 1755 saltantium
627 1687 755 1754 fabella
770 1686 935 1773 exposuit,
955 1690 995 1753 ut
1010 1684 1149 1772 egregie
1164 1685 1214 1751 ita
1229 1705 1313 1752 vera

168 1801 255 1866 sunt.
302 1797 392 1884 qnod
413 1799 526 1864 eutem
541 1797 582 1863 de
594 1796 799 1863 Archilocho
816 1795 962 1882 protulit
985 1817 1116 1877 vereor,
1140 1797 1179 1861 ut
1201 1792 1314 1861 teneri

166 1905 286 1994 possit.
319 1927 359 1972 eo
377 1905 530 1992 quaestio
546 1904 671 1992 pendet
686 1906 727 1972 ab
744 1904 911 1972 Aristidis
933 1905 1007 1973 loco
1023 1904 1061 1970 H
1072 1927 1093 1991 p
1104 1905 1168 1970 398
1180 1905 1221 1986 D,
1247 1925 1312 1991 quo

168 2016 339 2083 rhetorem
370 2014 406 2080 in
440 2014 575 2100 cynicos
608 2013 722 2081 invehi
746 2012 885 2080 Orosius
909 2015 1007 2102 p305
1030 2013 1128 2082 vidit.
1175 2035 1217 2080 ex
1239 2035 1312 2080 sen·

166 2125 351 2192 tentiarum
373 2146 500 2190 conexu
522 2123 603 2190 haee
626 2123 712 2190 satis
741 2125 788 2192 sit
810 2125 983 2211 proferre:
1008 2175 1015 2190 .
1042 2175 1049 2190 .
1075 2175 1082 2190 .
1106 2123 1312 2209 περιέρχονται

170 2232 198 2298 δ”
214 2233 312 2306 ἄλλως
337 2237 448 2320 βροτῶν
479 2229 593 2298 εἴδωλα
614 2235 779 2319 καμόντων,
807 2232 956 2298 Ἡσιόδου
985 2241 1118 2319 κηφῆνες
1139 2230 1312 2319 Ἀρχιλόχου

167 2345 300 2429 πίθηκοι,
325 2345 378 2408 δύο
402 2340 519 2429 μορφὰς
542 2342 661 2430 ἔχοντες
685 2343 747 2408 ἀντὶ
770 2349 858 2429 τριῶν
882 2350 935 2428 τῆς
957 2349 1097 2431 τραγικῆς
1129 2343 1197 2429 βοός
1251 2347 1310 2406 τῶν

172 2453 296 2538 ἱματίων
312 2459 372 2517 τῶν
388 2452 551 2538 ἡττημένων
568 2452 653 2518 οὐδὲν
671 2453 873 2538 διαφέροντες,
897 2451 934 2517 τοί
952 2453 1004 2538 μὲν
1028 2451 1085 2524 ἔξω
1101 2450 1204 2535 σεμνοί
1225 2449 1263 2515 τοί
1286 2453 1311 2514 δ’

167 2564 251 2630 ἔνδον
275 2562 374 2634 ’ἄλλος
398 2561 432 2626 ev
460 2562 553 2647 εἰδείη
578 2567 638 2642 τις’,
669 2564 696 2626 ci
718 2567 770 2626 τοῦ
794 2561 862 2635 Διὸς
887 2561 938 2647 μὲν
963 2561 1048 2626 οὐδὲν
1077 2561 1196 2648 χείρους
1221 2559 1310 2646 φασίν

166 2671 243 2738 εἷναι
265 2677 316 2735 τοῦ
340 2671 366 2734 δ’
384 2673 493 2757 ὀβολοῦ
515 2681 654 2735 τοσοῦτον
677 2673 824 2756 ἡττῶνται
847 2675 908 2735 κτλ.
945 2693 1029 2758 quae
1051 2672 1158 2738 verba
1170 2669 1310 2738 Orusius

164 2784 216 2852 ite
238 2781 482 2862 commutabat,
507 2782 546 2846 ut
568 2802 630 2866 pro
655 2779 719 2846 ἀντὶ
740 2787 829 2866 τριῶν
851 2780 985 2866 legeret
1008 2781 1070 2844 ἀντ’
1094 2779 1209 2864 ἰτρίων,
1230 2781 1310 2866 post

167 2894 235 2980 βοός
257 2913 372 2959 vocem
393 2887 444 2953 καί
467 2887 656 2972 insereret;
693 2911 778 2977 quae
811 2889 862 2958 itu
884 2890 960 2957 vult
985 2888 1160 2974 intellegi:
1192 2888 1312 2972 περιέρ-

165 3027 289 3090 χονται.
306 2995 474 3065 ,Ἡσιόδου
491 3006 634 3085 κηφῆνες,
654 2998 835 3086 Ἀρχιλόχου
852 2999 977 3084 πίθηκοι
995 2997 1048 3062 δύο
1066 2995 1182 3082 μορροίς
1194 2995 1312 3083 ἔχοντες

167 3107 227 3177 ἀντ’
252 3111 368 3197 ίτρίων,
400 3117 454 3195 τῆς
477 3115 617 3195 τραγικῆς
643 3109 710 3196 βοὸς
733 3108 814 3197 (rut)
837 3115 895 3174 τῶν
920 3107 1043 3193 ἱματίων
1065 3114 1123 3170 τῶν
1147 3105 1311 3192 ἡττημένων

166 3221 251 3287 οὐδὲν
275 3220 465 3306 διαφέροντες
488 3221 550 3284 κτλ.
596 3218 653 3285 ubi
685 3219 773 3307 quod
795 3219 862 3308 ipsi
891 3216 1069 3285 offensioni
1092 3221 1145 3283 cst
1166 3215 1248 3281 mihi
1269 3238 1311 3283 ne

165 3330 311 3399 tolerari
333 3329 466 3417 quidem
488 3349 587 3417 posse
609 3327 766 3413 videtur;
803 3351 880 3395 nam
902 3329 991 3395 falso
1015 3325 1186 3394 diceretur
1204 3325 1308 3394 simiis

164 3464 226 3531 pro
250 3439 412 3507 crustulis
436 3438 518 3504 duas
536 3460 609 3504 esse
626 3445 786 3505 naturas:
811 3438 975 3505 crustulis
991 3435 1178 3524 propositis
1193 3457 1309 3502 veram

34 3531 50 3560 ⁷
164 3555 323 3618 naturam
345 3548 501 3634 neglecta
524 3546 714 3614 eruditione
738 3570 904 3636 apparere
927 3547 959 3614 ei
980 3546 1154 3614 dicendum
1171 3544 1308 3628 suisset3

166 3661 282 3748 itaque
306 3681 412 3746 neque
445 3657 497 3722 δύο
528 3658 647 3745 μορροίς
678 3680 785 3745 neque
816 3679 976 3745 praesens
1001 3655 1120 3742 ἔχοντες
1149 3658 1242 3721 recte
1275 3675 1310 3721 se

164 3771 315 3840 haberet.
354 3767 422 3834 alie
445 3769 646 3852 argumenta
669 3767 821 3844 addenda
844 3770 944 3833 sunt:
968 3767 1074 3834 verbe
1095 3770 1148 3849 τῆς
1170 3769 1311 3849 τραγικῆς

167 3882 236 3970 βοός
266 3879 295 3945 si
318 3877 475 3946 Crucium
498 3875 667 3963 sequimur
689 3875 788 3943 nihili
811 3880 904 3959 sunt,
940 3876 991 3942 ita
1013 3877 1052 3940 ut
1081 3873 1133 3938 καί
1152 3872 1234 3940 ‘addi
1255 3894 1311 3940 ne·

164 4012 256 4061 cesse
280 3988 335 4056 sit.
381 3986 497 4073 itaque
521 3987 628 4053 verba
651 3984 714 4051 ἀντὶ
736 3991 825 4071 τριῶν
849 3992 942 4053 reete
957 3983 1089 4052 tradita
1105 4004 1178 4050 esse
1195 3981 1308 4049 viden·

163 4103 242 4170 tur:
274 4099 348 4187 ipso
372 4119 427 4164 res
451 4093 576 4183 poscit,
610 4097 649 4161 ut
672 4094 800 4182 triplex
821 4103 873 4181 τῆς
895 4100 1036 4181 τραγικῆς
1067 4093 1134 4178 βοός
1158 4091 1251 4157 color
1275 4094 1310 4158 et

164 4209 293 4279 diserte
316 4206 463 4274 addetur
488 4206 578 4289 (nam
602 4203 675 4291 quis
700 4205 772 4271 sine
794 4227 932 4272 numero
956 4202 1071 4270 addito
1096 4207 1148 4286 τῆς
1171 4207 1311 4288 τραγικῆς

168 4321 236 4410 βοός
259 4313 491 4404 intellegeret)
514 4319 549 4382 et
573 4313 710 4380 illorum
725 4315 894 4381 hominum
910 4311 1036 4402 duplici
1049 4314 1194 4378 naturae
1210 4333 1310 4398 oppo-

164 4433 278 4498 natur.
324 4425 411 4493 unde
435 4423 524 4513 quod
547 4424 702 4511 sequitur
718 4424 758 4491 de
775 4425 879 4493 simiis
903 4446 970 4490 non
991 4422 1092 4511 plura
1114 4422 1220 4489 verba
1235 4419 1312 4488 fieri

163 4537 327 4628 quamde
359 4535 445 4608 fucis
478 4533 603 4628 optime
635 4556 671 4603 se
694 4534 805 4605 hebet.
851 4541 928 4603 nam
950 4536 1027 4603 tota
1056 4531 1129 4602 fere
1152 4529 1310 4622 periodus
