3094 5002
789 286 833 360 20

240 463 286 536 ed
320 464 605 557 vituperationem
638 467 823 537 inclinabat
863 469 950 538 sicut
985 464 1059 535 Cat.
1083 466 1161 536 min.
1184 468 1221 535 7:
1273 465 1393 556 (Cato)

241 580 349 667 τρέψας
379 575 484 644 ἑαυτὸν
516 579 556 650 εἰς
589 576 713 665 ἰάμβους
745 576 842 642 πολλὰ
874 576 923 642 τὸν
955 577 1105 643 Σκιπίωνα
1135 578 1301 664 καθύβρισε
1333 585 1392 644 τῶι

240 699 346 773 πικρῶι
367 686 633 774 προσχρησάμενος
649 691 701 750 τοῦ
717 687 914 773 Ἀρχιλόχου,
940 685 972 750 τὸ
995 685 1027 750 δὲ
1050 687 1274 752 ἀκόλαστον
1298 686 1391 774 ἀφείς

239 794 292 858 καὶ
318 797 590 880 παιδαριῶδες
620 794 656 859 of
675 793 719 860 id.
744 816 796 882 ap.
820 794 931 861 Proel.
955 793 990 860 in
1013 793 1150 862 Hesiod.
1175 795 1235 882 Op.
1258 795 1333 861 286.

240 903 328 971 idem
369 903 587 992 opprobrium
627 902 756 990 legitur
796 903 886 991 apud
925 903 1069 970 Dionem
1112 902 1233 990 Chrys.
1257 905 1278 970 3
1301 905 1320 970 I
1344 905 1389 970 17

241 1011 317 1080 Sex.
333 1012 430 1100 Emp.
446 1013 522 1080 adv.
535 1010 638 1079 math.
651 1035 673 1098 p
685 1012 787 1078 668ss
799 1014 822 1097 ί)
856 1012 1065 1100 posteriores
1096 1012 1281 1100 scriptores
1290 1036 1297 1098 ;
1333 1013 1387 1081 ita

240 1121 362 1188 Iulian.
379 1146 400 1210 p
415 1123 505 1188 3000
534 1124 649 1189 vetat:
688 1121 847 1206 ἱερωμένος
880 1145 922 1194 τις
957 1122 1032 1207 μήτε
1057 1120 1242 1209 Ἀρχίλοχον
1280 1123 1389 1207 ἀναγι-

239 1231 399 1315 γνωσκέτω
424 1233 498 1317 μήτε
517 1229 709 1296 Ἱππώνακτα
732 1233 807 1316 μήτε
831 1229 919 1295 ἄλλον
943 1229 1007 1296 τινά
1029 1237 1088 1296 τῶν
1111 1242 1233 1298 τοιαῦτα
1248 1235 1386 1318 γραφόν-

240 1365 308 1404 των.
355 1340 457 1407 etiam
479 1340 695 1429 proverbium
719 1338 898 1427 Ἀρχίλοχον
921 1345 1022 1414 πατεῖς
1046 1341 1135 1428 apud
1159 1339 1386 1432 [Diogeniau.]

229 1449 328 1518 ,Π95
351 1448 443 1516 Suid.
468 1473 493 1516 s.
515 1449 692 1536 Ἀρχίλοχος
714 1450 875 1516 Eustath.
896 1450 982 1516 1684
1004 1448 1172 1538 (Apostol.
1190 1451 1242 1518 IV
1259 1452 1291 1534 2)
1315 1475 1387 1519 ser-

240 1561 357 1626 vatum
386 1559 475 1647 quod
505 1558 554 1624 ἐπὶ
583 1566 642 1622 τῶν
673 1559 886 1646 λοιδορούντων
911 1559 1086 1626 dicebatur
1109 1599 1153 1608 —
1174 1565 1306 1634 τοιοῦτος
1329 1559 1388 1648 γάρ

232 1671 256 1732 ,ὁ
278 1663 459 1755 Ἀρχίλοχος
483 1708 523 1718 -
547 1669 609 1735 hoc
627 1667 700 1734 loco
717 1667 926 1735 afferendum
945 1674 1007 1735 est.
1054 1668 1209 1757 equibus
1231 1670 1387 1737 testimo·

239 1777 304 1844 niis
329 1777 413 1845 satis
430 1781 523 1846 certo
540 1781 694 1866 apparet,
719 1801 818 1866 quam
832 1777 902 1844 illis
918 1777 1127 1865 temporibus
1143 1779 1384 1866 pervulgatum

239 1887 346 1954 fuerit
376 1887 437 1953 hoc
465 1887 632 1953 iudicium.
775 1909 973 1974 quamquam
1005 1887 1103 1974 pauci
1133 1891 1232 1955 erant
1263 1889 1320 1976 qui
1343 1889 1387 1956 de

240 1995 342 2062 animi
374 1995 444 2063 eius
478 1996 676 2063 sinceritate
698 2000 874 2063 monerent
898 2017 964 2084 qua
985 1995 1020 2060 in
1044 2019 1079 2062 se
1102 1996 1174 2084 ipse
1197 1997 1385 2083 inveheret,

239 2106 334 2173 velut
378 2106 506 2173 Critias
544 2128 596 2193 ap.
613 2105 747 2172 Aelian.
764 2130 795 2173 v.
812 2105 843 2171 h.
859 2104 893 2169 X
909 2106 950 2170 13
990 2103 1116 2170 κάκιστα
1157 2105 1261 2170 ἑαυτὸν
1303 2106 1385 2172 εἶπεν

234 2216 288 2300 (of
307 2214 412 2282 Areh.
436 2215 470 2280 fr
487 2215 583 2299 149),
624 2215 689 2280 Dio
721 2214 924 2297 Chr.I300‚
941 2215 984 2280 20
1022 2222 1138 2302 πρῶτον
1171 2215 1258 2280 αὑτὸν
1290 2217 1384 2304 ψέγει,

240 2324 332 2390 Plut.
349 2324 390 2391 de
407 2324 526 2391 curios.
545 2324 597 2390 10.
709 2323 793 2390 satis
817 2323 926 2389 multa
948 2323 1143 2390 testimonia
1165 2324 1245 2390 mihi
1265 2325 1385 2393 videor

238 2433 415 2502 attulisse:
441 2439 534 2500 certo
558 2436 716 2520 apparet,
742 2455 839 2521 quam
862 2433 1061 2500 recentioris
1085 2434 1210 2501 aetatis
1234 2435 1382 2502 homines

241 2543 406 2610 desierint
428 2547 468 2609 ut
491 2542 575 2609 alios
599 2545 717 2630 poetas
741 2542 792 2608 ita
813 2540 1053 2609 Archilochum
1084 2546 1119 2609 et
1140 2565 1246 2630 genus
1270 2536 1385 2611 iambi-

240 2676 313 2720 cum
339 2651 551 2739 intellegere.
602 2651 682 2739 quid
713 2650 835 2716 mirum
865 2651 953 2739 quod
985 2653 1087 2718 etiam
1118 2674 1139 2718 a
1170 2653 1383 2739 gravissimis

238 2785 277 2829 ac
296 2761 537 2829 sordidissimis
555 2760 746 2849 opprobriis
762 2784 828 2826 non
844 2761 1083 2828 abhorrebant.
1128 2769 1226 2830 ceute
1249 2763 1384 2850 quidem

236 2872 401 2939 Aelianus
425 2893 477 2959 ap.
500 2870 592 2937 Suid.
618 2895 642 2938 s.
667 2871 846 2957 ’Ἀρχίλοχος
879 2893 953 2936 eum
976 2870 1059 2936 dicit
1091 2871 1218 2958 ποιητὴν
1250 2877 1383 2955 γενναῖον

235 2981 349 3061 τᾶλλα,
385 2979 412 3044 εἴ
433 3006 475 3053 τα
499 2981 589 3044 αὐτοῦ
620 2980 653 3043 τὸ
678 2977 894 3066 αἰσχροπρεπὲς
917 2978 967 3043 καὶ
989 2982 1021 3042 τὸ
1045 2982 1232 3066 κακόρρημον
1256 2983 1381 3068 scelos:

238 3090 352 3177 paullo
382 3090 485 3157 aliter
517 3088 722 3156 Plutarchus
760 3089 833 3156 loco
872 3092 974 3155 antea
1007 3089 1178 3178 exscripto
1203 3091 1279 3158 Cat.
1303 3091 1383 3158 min.

236 3202 256 3266 7
288 3199 431 3266 dixerat.
482 3222 589 3287 neque
619 3199 654 3264 id
685 3198 806 3264 mirum
846 3202 899 3265 est
932 3197 1021 3284 quod
1058 3198 1111 3264 illi
1148 3199 1248 3286 longe
1286 3223 1382 3289 supe·

237 3312 360 3375 rantur
390 3330 411 3375 a
443 3309 569 3395 cynicis
601 3308 823 3396 patribusque
855 3307 1065 3392 christianis;
1101 3308 1317 3377 vehementer
1346 3309 1383 3376 in

237 3440 310 3484 eum
347 3417 501 3486 invectus
547 3422 601 3484 est
639 3418 824 3484 Oenomaus
867 3439 919 3504 ap.
943 3417 1023 3483 Eus.
1046 3441 1097 3505 pr.
1123 3419 1223 3486 eu.V
1247 3443 1268 3506 p
1290 3419 1381 3486 2281]
1411 3401 1413 3406 ¹

236 3527 1382 3615 lmfflmfflmfflmhfflfflfflmfffflmwwstw

191 3634 1381 3723 uwffifflfflmfflwmffifflfflwfflfflmffiwp

237 3747 351 3832 ρότεροί
382 3748 453 3811 εἰσιν
484 3751 545 3812 κτλ.
575 3747 668 3814 euius
701 3745 851 3813 convicia
873 3745 1038 3811 Eusebius
1062 3744 1106 3810 ib.
1129 3745 1225 3812 aava
1256 3745 1297 3813 de
1322 3768 1381 3814 suo

235 3855 349 3936 euxit3
384 3857 418 3922 cf
439 3855 591 3923 Clemens
627 3859 689 3922 str.
708 3854 852 3943 Ιμ316.
896 3876 978 3941 quos
1003 3877 1115 3921 omnes
1144 3863 1284 3942 superat
1307 3854 1380 3922 Ori-

235 3960 1382 4051 fflffimfflwfflmfflffihwwhmbmm

234 4073 283 4137 καὶ
307 4075 522 4161 ἀσελγεστάτηι
546 4076 688 4140 ὑποθέσει
703 4072 922 4157 ἐπιδειξάμενον
942 4072 995 4158 τὴν
1019 4074 1127 4138 ἑαυτοῦ
1149 4074 1304 4159 ποιητικὴν
1330 4074 1381 4141 καί

235 4181 304 4256 ἔθος
329 4184 452 4269 ἀσελγὲς
474 4184 526 4250 καί
550 4185 720 4271 ἀκάθαρτον
743 4183 982 4269 παρεστήσαντο.
1103 4180 1186 4250 haee
1208 4182 1380 4251 haetenuS.

235 4295 441 4306 ....-....—..—

305 4309 332 4405 9)
352 4334 380 4387 cf
397 4335 469 4389 Max.
490 4335 553 4404 Tyr.
575 4335 639 4388 diss.
660 4335 694 4387 24
714 4350 731 4400 p
751 4334 811 4386 477.
841 4360 875 4370 —
906 4348 923 4385 a
943 4331 1044 4385 talibus
1065 4331 1222 4398 opprobriis
1244 4333 1380 4388 Aristides

234 4443 273 4482 or.
294 4427 478 4482 46113801)
509 4427 703 4480 Archilochum
730 4424 875 4479 defendere
901 4425 992 4478 studet
1018 4422 1069 4477 οὐδ’
1097 4419 1241 4497 Ἀρχίλοχος
1266 4466 1271 4479 .
1292 4466 1299 4480 .
1323 4426 1381 4486 τοὺς

235 4520 349 4604 ἀρίστους
367 4527 421 4573 τῶν
435 4517 563 4592 Ἑλλήνων
576 4520 619 4571 καὶ
631 4517 688 4577 τοὺς
701 4517 874 4579 ἐνδοξοτάτους
887 4517 954 4587 ἔλεγε
966 4524 1063 4581 κακῶς,
1082 4517 1146 4571 ἀλλὰ
1158 4515 1301 4590 Λυκάμβην
1321 4534 1383 4590 equ.
