3094 5002
786 319 830 392 50

239 501 382 569 ornalur
406 499 575 570 sententia
597 499 707 586 figura
730 498 956 586 etymologica
973 485 1136 564 Ἄπολλονι
1171 489 1253 565 ὅλλυ’
1278 505 1382 592 ῶσπερ

229 613 343 684 claua:
365 615 445 699 post
466 610 706 678 Archilochum
730 608 862 696 saepius
886 607 1025 688 usitata,
1050 609 1085 675 cf
1097 608 1379 680 Prellerus·Rob.

228 721 262 788 Ι4
275 722 363 791 232³.
404 721 493 808 apud
515 722 699 788 Homerum
720 717 803 785 haec
828 718 940 804 figura
961 741 1028 786 non
1050 717 1239 804 invenilur,
1264 744 1379 810 quam·

226 853 325 918 quam
357 829 475 898 similis
503 830 597 898 lusus
632 827 817 916 compluria
851 827 1003 915 exempla
1024 827 1188 914 legunlur
1199 829 1232 912 ⁸).
1275 853 1375 918 prae·

225 949 323 1008 terea
343 939 454 1026 figura
477 930 556 1004 lllo’
582 941 684 1025 ῶσπερ
708 938 822 1009 ὀλλύεις
845 936 1070 1025 praedicanda
1098 944 1152 1006 cst
1180 960 1246 1027 qua
1268 939 1376 1027 Apol·

230 1049 308 1116 linis
331 1071 452 1116 numen
475 1055 554 1117 ante
577 1049 689 1115 oculos
712 1047 867 1134 penitam
901 1046 1039 1114 eandem
1068 1046 1103 1113 in
1126 1047 1195 1116 alia
1217 1047 1377 1137 implora-

233 1158 326 1226 tione
349 1159 545 1242 invenimus
570 1156 716 1226 Vulcani
739 1156 877 1240 scilicet,
902 1158 943 1223 75
1212 1142 1239 1160 ''

365 1267 448 1332 κλῦθ’
474 1267 545 1340 ἅναξ
562 1258 720 1354 Ἥφαιστε
742 1266 794 1330 καί
818 1291 866 1351 μοι
890 1266 1046 1353 σύμμαχος
1070 1268 1273 1354 γουνουμένωι

355 1375 438 1450 ἵλαος
462 1379 556 1462 γενεῦ,
579 1379 748 1463 χαρίζευ
772 1375 798 1438 δ’
824 1373 959 1461 οἷάπερ
983 1378 1186 1462 χαρίζεαι.
1260 1435 1261 1440 ,

227 1469 349 1555 novum
372 1487 468 1573 quasi
491 1485 589 1554 deum
611 1484 700 1575 apud
719 1483 961 1552 Archilochum
987 1484 1266 1573 deprehendimus
1289 1488 1375 1556 Bao-

226 1593 331 1661 chum.
364 1594 454 1682 apud
479 1594 662 1662 Homerum
682 1592 849 1676 Bacchus,
885 1591 943 1679 qui
976 1615 1083 1681 neque
1116 1593 1234 1661 mullis
1266 1617 1374 1685 neque

224 1703 470 1773 vetustioribus
488 1706 526 1769 ut
549 1701 687 1770 videlur
709 1700 792 1768 locis
817 1700 1000 1784 invenitur,
1025 1701 1190 1769 Thracius
1215 1703 1296 1771 deus
1320 1708 1375 1772 es’c

230 1835 251 1879 a
283 1811 423 1880 Graecis
456 1811 605 1896 alienus5
636 1815 756 1899 postea
785 1809 820 1876 in
843 1809 1021 1878 Graeciam
1055 1811 1159 1879 venii.
1205 1812 1375 1882 Hesiodus

225 1922 263 1988 Ο.
279 1922 342 1988 613
374 1921 454 1988 novi
476 1921 604 2010 aliquid
635 1922 777 2008 praebet
809 1918 867 2007 qui
890 1920 1003 1986 vinum
1025 1920 1149 1988 Bacchi
1172 1921 1295 1990 donum
1318 1946 1376 2012 ap·

224 2031 342 2120 pellat.
387 2031 453 2098 iam
487 2033 527 2097 ul
560 2053 622 2118 per
645 2053 757 2097 omnes
781 2029 854 2096 fere
876 2029 980 2097 maris
1003 2030 1135 2118 Aegaei
1161 2031 1291 2100 insulas
1322 2056 1374 2100 co-

223 2140 361 2208 lebatur
394 2140 445 2207 ila
476 2139 605 2221 Naxio,
650 2161 735 2227 quae
778 2143 855 2206 lota
886 2139 1000 2206 insula
1044 2139 1075 2206 ei
1114 2145 1191 2208 erat
1230 2142 1373 2228 moral),

227 2250 417 2338 'Phasioque
441 2249 536 2317 euleu
558 2249 738 2317 fruebatur
753 2249 800 2335 ¹⁰),
831 2248 918 2316 unde
942 2248 1168 2318 concludimus
1191 2250 1274 2319 Pari
1297 2275 1375 2320 eun·

224 2359 300 2426 dem
331 2359 437 2426 fuisse
467 2358 559 2426 onius
584 2359 714 2426 colonia
738 2358 868 2425 Thasos
900 2361 985 2425 erat.
1022 2359 1125 2425 eliam
1148 2360 1376 2430 Anthesleria

224 2470 260 2536 in
282 2469 353 2537 eius
376 2469 536 2537 honorem
558 2491 618 2556 per
642 2471 751 2536 lolam
774 2468 904 2535 Ioniam
927 2468 1100 2536 celebrata
1122 2493 1197 2538 esse
1228 2476 1374 2540 constal.

225 2579 261 2647 in
283 2577 408 2646 Bacchi
430 2579 590 2646 honorem
612 2578 836 2645 Archilochus
868 2577 911 2644 ad
938 2578 1101 2645 tibiarum
1133 2604 1250 2648 sonum
1282 2582 1376 2652 solus

227 2711 347 2759 canere
371 2711 407 2756 se
430 2712 529 2776 posse
552 2687 636 2756 dicii
659 2690 700 2755 77

247 2807 250 2812 ’
360 2803 400 2872 ὡς
423 2793 578 2863 Διωνύσοι’
605 2797 729 2871 ἄνακτος
752 2795 843 2861 καλὸν
867 2795 984 2884 ἐξάρξαι
1009 2798 1096 2883 μέλος

354 2907 420 2974 οἶδα
444 2909 626 2996 διθύραμβον
651 2903 732 2972 οἴνων
756 2906 1012 2993 συγκεραυνωθεὶς
1037 2907 1155 2994 φρένας.

227 3021 435 3108 quantopere
468 3017 524 3085 dei
544 3017 667 3104 religio
697 3024 776 3105 post
799 3017 981 3084 Homerum
1016 3017 1181 3102 creverit,
1212 3019 1274 3087 hoc
1303 3027 1374 3089 sla·

225 3129 288 3196 lim
309 3128 382 3194 loco
406 3126 567 3210 videmus,
592 3150 655 3215 quo
679 3127 786 3215 primo
810 3132 921 3195 totum
943 3127 1014 3194 eius
1031 3151 1152 3195 numen
1167 3130 1282 3217 paucis
1298 3155 1377 3200 ver·

225 3239 277 3304 bis
310 3236 546 3304 adumbratum
577 3242 639 3305 est.
675 3258 751 3302 nam
783 3237 868 3304 duae
896 3237 966 3304 eius
990 3241 1029 3303 ut
1052 3237 1103 3306 ita
1126 3238 1233 3306 dicam
1255 3246 1375 3328 parles

226 3346 398 3415 artissime
423 3346 619 3414 coniunctae
644 3350 732 3414 sunt.
777 3347 929 3414 Bacchus
952 3347 1139 3415 hominihus
1155 3339 1271 3417 vinum
1286 3351 1374 3420 dono

231 3457 341 3541 dedil;
377 3480 441 3544 quo
478 3456 736 3544 συγκεραυνωθεὶς
767 3457 876 3544 φρένας
908 3461 1011 3545 poeta
1041 3457 1295 3546 dithyrambum
1318 3461 1375 3529 dei

229 3588 364 3634 carmen
393 3565 516 3634 fundit.
563 3589 668 3633 novas
699 3588 755 3634 res
788 3565 885 3635 novis
916 3566 1103 3634 nominibus
1136 3568 1187 3635 uli
1210 3569 1372 3639 videmus.

230 3698 307 3743 nam
328 3675 453 3742 Bacchi
476 3697 610 3742 carmen
643 3676 729 3761 μέλος
760 3680 833 3756 esl3
867 3675 929 3742 hoc
957 3698 1077 3744 nomen
1108 3678 1145 3744 in
1182 3679 1377 3748 vetustiora

226 3785 321 3875 poesi
348 3808 415 3851 non
445 3784 601 3872 erratu),
635 3785 702 3853 nisi
734 3784 823 3874 qnod
845 3784 880 3851 in
902 3786 935 3854 h.
958 3786 1059 3854 Mero.
1076 3787 1140 3854 502
1165 3788 1251 3874 μέλος
1275 3787 1374 3857 ἄεισεν

233 3923 437 3932 —.——.—--

301 3983 330 4052 8)
349 3981 496 4037 Lerschius
525 3980 801 4052 Sprochplu'loooplcic
827 3981 853 4036 d.
874 3983 957 4037 Alton
976 3982 1015 4036 111
1036 3986 1122 4054 3sqq.
1158 3985 1301 4039 Schulzius
1330 4002 1377 4055 qu.

226 4091 268 4145 ep.
284 4077 403 4130 104505.

298 4173 327 4239 9)
347 4169 595 4226 prela-aonam.
621 4203 655 4212 -
682 4172 737 4226 alio
767 4171 827 4226 loco
850 4170 1031 4226 Archilochus
1054 4170 1098 4225 τὸν
1118 4169 1211 4234 Νάξιον
1235 4174 1302 4228 οἶνον
1328 4182 1377 4231 τῶι

225 4259 337 4338 Νέκταρι
354 4266 516 4339 παραβάλλει,
535 4266 561 4320 fr
573 4269 631 4321 151.

283 4360 327 4429 10)
346 4360 510 4416 Prell.·R0b.
530 4362 591 4416 679.

279 4457 322 4524 ll)
341 4455 430 4525 hymn.
452 4456 506 4526 19ιθ
526 4455 573 4508 σὺν
592 4456 622 4508 ἂν
640 4454 683 4508 τόν
710 4472 737 4525 γε
761 4453 920 4527 παραδράμοι
945 4457 970 4509 ἐν
997 4454 1108 4526 μελέεσσι
1124 4457 1129 4528 Ι
1146 4455 1211 4530 ὅρνις
1234 4459 1366 4517 tibiarum

225 4566 308 4606 sonus
329 4559 356 4605 et
375 4551 465 4604 avium
484 4558 581 4605 cantus
601 4567 633 4605 eo
653 4548 932 4618 comprehenduntur.
