3094 5002
562 334 795 420 ,οι

200 507 343 594 ἐξέφογόν
365 510 427 574 κτλ.
460 507 651 576 confudisse
684 510 831 578 videtur.
885 531 991 598 neque
1022 533 1103 579 vero
1125 509 1207 578 licet
1230 511 1345 580 verbis

199 617 269 686 illis
293 619 419 705 τρωθείς
442 643 483 692 τις
507 619 537 683 ἐν
561 619 695 705 πολέμωι
712 619 767 685 ὑπὸ
792 621 880 706 φίλου
904 620 962 707 ἔφη
987 619 1022 686 in
1037 620 1270 689 Archilocheis
1295 623 1348 687 οὐκ

200 729 315 792 ἐθέλων
339 728 604 817 interpretandis
627 730 695 813 uti,
732 730 826 818 quasi
848 733 950 818 pocta
980 733 1022 797 ab
1053 730 1207 798 hostibus
1231 733 1346 800 vulne·

199 842 296 906 ratus
321 861 360 906 ea
382 838 524 906 dixerit:
548 839 601 906 cui
616 840 806 908 sententiae
829 840 1061 907 contradicere
1084 840 1231 925 videtur,
1256 841 1345 931 quod

199 971 306 1036 neque
325 948 475 1031 uelocia,
501 948 620 1036 quibus
635 953 777 1038 propter
794 957 924 1017 scutum
945 949 1111 1018 abiectum
1126 950 1346 1039 vituperatur
1374 994 1379 1002 -

199 1057 352 1146 poeta²⁸)
374 1081 480 1147 neque
503 1057 592 1146 apud
607 1058 845 1143 imitatores²⁸)
869 1059 1013 1126 vulnera
1034 1065 1345 1144 commemorantur,

199 1168 241 1234 ad
273 1191 354 1256 quos
388 1168 550 1236 accedunt
580 1170 685 1235 verba
712 1190 797 1256 quae
828 1169 863 1234 in
893 1168 995 1234 schol.
1021 1167 1083 1234 Ar.
1095 1168 1174 1234 Pac.
1192 1169 1277 1236 1298
1298 1169 1345 1237 le-

198 1280 344 1363 guntur:
376 1275 546 1364 Ἀρχίλοχος
571 1276 748 1364 φοβηλλεὶς
773 1277 874 1364 ἔφυγε.
913 1275 1001 1342 αὑτὸν
1025 1275 1075 1341 οὖν
1093 1275 1345 1364 trapitionta

199 1387 279 1470 λέγει
301 1389 362 1452 κτλ.
457 1390 570 1453 tamen
590 1387 762 1474 scriptura
786 1385 872 1459 αὐτὸς
897 1389 922 1450 δ’
938 1386 1083 1470 ἐξέφυγον
1107 1385 1238 1451 θανάτου
1261 1387 1344 1460 τέλος

200 1496 303 1562 alteri
326 1494 423 1582 ψυχὴν
449 1491 474 1559 δ’
492 1496 647 1568 ἐξεσάωσα
669 1495 895 1584 praeferenda
927 1518 1000 1562 esse
1023 1494 1170 1563 videtur.
1214 1518 1293 1563 nam
1315 1496 1345 1590 ei

197 1605 339 1691 legimus
363 1605 461 1692 ψυχὴν
487 1608 512 1670 δ’
533 1605 707 1677 ἐξεσάωσα·
730 1607 758 1670 τί
782 1632 831 1690 μοι
855 1605 937 1691 μέλει
961 1603 1048 1678 ἀσπὶς
1071 1605 1187 1691 ἐκείνηγ
1223 1606 1343 1692 ἐρρέτω,

199 1737 237 1781 eo
262 1714 474 1799 offendimue,
501 1716 590 1803 quod
612 1715 722 1802 ἐρρέτω
746 1716 875 1782 nullum
896 1716 969 1783 fere
991 1716 1134 1803 praebet
1157 1715 1346 1783 sententiae

199 1847 417 1912 progressum
423 1849 431 1910 γ
456 1847 540 1913 quae
558 1825 683 1913 optime
698 1825 852 1913 procedit
867 1825 929 1893 hoc
944 1824 1041 1891 modo
1059 1825 1148 1897 αὐτὸς
1164 1827 1190 1888 δ’
1202 1824 1346 1910 ἐξέφυγον

200 1933 331 1999 θανάτου
362 1936 453 2018 τέλος,
490 1933 577 2008 ἀσπὶς
601 1936 699 2022 ἐκείνη
732 1935 859 2021 ἐρρέτω·
891 1934 942 2002 ita
965 1934 1069 2002 etiam
1091 1957 1164 2002 eam
1186 1957 1345 2001 versuum

200 2044 464 2112 coniunctionem
488 2045 705 2132 (Archilocho
729 2044 944 2113 usitatiorem
968 2067 1066 2134 quam
1089 2045 1212 2112 ceteris
1235 2048 1275 2112 ut
1297 2044 1345 2112 vi·

197 2153 311 2238 detur)
340 2176 523 2239 servamuS,
554 2178 638 2244 quae
660 2155 738 2222 inde
761 2155 906 2222 efficitur
932 2154 1020 2243 quod
1053 2154 1242 2222 sententiae
1269 2153 1346 2221 finis

196 2264 232 2330 in
262 2264 343 2333 novi
375 2287 495 2332 versuo
517 2265 652 2333 initium
683 2265 845 2332 traicitur
857 2264 906 2351 ⁸¹).
960 2264 1149 2332 sententiae
1174 2264 1282 2352 igitur
1306 2285 1344 2331 eo

194 2374 290 2440 modo
315 2397 388 2441 sese
412 2374 592 2464 excipiunt,
616 2381 655 2442 ut
679 2376 781 2439 ἀσπίδι
804 2377 839 2460 ἢν
863 2367 1005 2440 κάλλιπον
1022 2371 1212 2462 opponatur
1236 2372 1343 2448 αὐτὸς

196 2487 221 2548 δ’
237 2485 380 2572 ἐξέφυγον
403 2488 463 2550 κτλ.
489 2506 554 2572 qua
576 2507 657 2552 voce
679 2484 766 2551 iliud
790 2482 876 2557 ἀσπὶς
900 2485 997 2570 ἐκείνη
1023 2483 1100 2550 elici
1122 2483 1268 2551 videtur.

282 2595 339 2663 214
360 2593 505 2661 alteram
528 2594 604 2680 ἀμφ’
623 2592 744 2680 'ri-ripun
769 2594 839 2680 ροάς
863 2594 1068 2682 scripturam
1091 2593 1276 2680 aBergkio
1301 2617 1343 2661 ex

194 2702 365 2789 Hesychio
389 2701 539 2770 adlatam
564 2725 840 2770 commemorasse
864 2701 1018 2770 sufficiat.

282 2813 338 2881 583
363 2811 440 2876 ἀλλά
466 2837 516 2897 ρυι
540 2814 660 2897 σμικρός
683 2836 724 2885 τις
748 2808 794 2898 εἴη
818 2810 957 2898 καὶπερὶ
980 2813 1095 2896 κνήμας
1119 2811 1191 2874 ἰδεῖν
1211 2811 1215 2896 γ
1237 2811 1344 2895 ροικός,

196 2923 359 3008 ἀσφαλέως
384 2921 521 3009 βεβηκὼς
544 2922 641 2999 πυροί,
663 2922 788 3008 καρδίης
804 2923 900 2994 πλέος.
938 2920 988 2988 iia
1001 2919 1124 2986 Galeni
1140 2917 1346 2986 etErotiani

195 3036 314 3099 auctor
338 3053 457 3098 versus
483 3031 596 3099 affert.
632 3031 745 3099 altera
769 3031 942 3121 scriptura
965 3032 1063 3097 extat
1090 3027 1180 3117 apud
1202 3027 1344 3094 Dionem

197 3141 276 3209 Chr.
291 3142 310 3208 Ι
325 3141 428 3209 3Ο2Α
441 3141 499 3229 qui
511 3139 665 3209 versibus
684 3141 713 3206 1.
728 3141 748 3206 2
765 3140 881 3208 allatis
896 3139 1057 3207 liberiore
1069 3137 1166 3206 modo
1177 3137 1343 3226 loquitur:

192 3252 269 3316 ἀλλά
294 3277 351 3337 μοι,
377 3251 477 3339 φησίν,
503 3247 550 3338 εἴη

307 3363 421 3450 ῥαιβός,
447 3363 608 3450 ἀσφαλέως
633 3364 770 3452 βεβηκὼς
793 3361 844 3427 καὶ
867 3361 916 3427 ἐπὶ
939 3363 1097 3447 κνὴροιιοιν
1121 3358 1220 3432 δασύς.

196 3471 375 3561 Emperius
409 3471 495 3540 haue
528 3471 718 3541 breviorem
749 3471 956 3560 scripturam
987 3468 1167 3558 genuinam
1197 3466 1343 3557 putavit,

194 3673 401 3683 ...—

268 3817 314 3887 28)
333 3817 435 3874 Critiae
447 3833 491 3887 ap.
502 3817 562 3873 Ael.
574 3835 598 3873 v.
610 3818 636 3872 h.
647 3817 673 3871 X
685 3820 726 3885 13,
736 3817 808 3872 Plut.
818 3817 882 3870 inst.
893 3815 958 3871 Lac.
972 3817 1015 3870 34.

266 3915 313 3982 29)
332 3912 450 3968 Alcaeus
460 3915 502 3980 32,
513 3914 613 3967 Anacr.
627 3913 661 3968 28
672 3929 712 3984 sq,
721 3912 818 3966 Horat.
830 3927 852 3965 o.
861 3911 888 3964 11
898 3914 922 3977 7,
938 3910 979 3965 11.

266 4007 313 4077 30)
331 4007 404 4061 hunc
422 4006 511 4061 locum
531 4007 698 4076 persimilem
718 4020 778 4062 eoae
792 4005 899 4062 Critiae
918 4004 1009 4060 verbio
1028 4003 1344 4073 ap.Aelian.v.h.X13

193 4099 336 4156 Kaibeliue
355 4101 383 4154 in
402 4107 518 4156 mentem
537 4109 626 4156 vocat.

268 4196 314 4264 31)
334 4195 375 4249 ite
394 4195 552 4250 hexameter
572 4211 632 4250 oum
653 4200 825 4264 pentametro
845 4192 1020 4260 coniungitur
1039 4195 1066 4261 2,
1078 4193 1184 4262 ³a9e9a
1197 4193 1250 4260 10„
1270 4191 1347 4245 disti-

192 4288 262 4343 chon
281 4303 340 4342 oum
356 4288 475 4344 disticho
490 4291 518 4359 2,Ι
529 4292 557 4361 9,
568 4292 604 4361 9,.
626 4319 657 4330 -
680 4288 771 4343 altera
791 4287 934 4341 distinctio
949 4284 1094 4353 aBergkio
1108 4285 1253 4353 proposita
1267 4285 1290 4337 τί
1304 4303 1346 4354 μοι

196 4381 280 4452 μέλει,
300 4381 372 4443 ἀσπὶς
394 4383 475 4457 ἐκείνη
490 4384 582 4458 ἐρρέτω
597 4399 651 4438 non
662 4383 762 4438 bonum
774 4381 859 4436 efficit
873 4395 998 4436 sensum:
1011 4365 1346 4456 permultumArohiioohi

193 4455 309 4532 interest
329 4493 358 4533 oe
381 4484 496 4534 mortem
512 4477 653 4549 effugiaee3
675 4492 761 4549 neque
780 4477 817 4553 ad¹
834 4475 954 4548 priorem
974 4473 1137 4530 senteutiam
1150 4471 1250 4528 referri
1264 4489 1346 4546 posse

191 4569 309 4628 videtur.
