3094 5002
799 332 842 402 16

247 507 438 596 Diltheyus·
464 509 522 597 qui
552 509 588 577 in
617 509 734 578 libello
768 510 809 577 de
833 509 918 577 Call.
942 509 1026 596 (lyd.
1050 510 1126 599 plu
1142 529 1204 600 sqq
1231 508 1272 578 de
1294 508 1400 578 huius

246 618 362 685 iudicii
384 618 473 706 apud
495 618 704 707 posteriores
728 619 936 686 auctoritate
965 619 1129 687 disseruit
1156 618 1294 686 eandem
1318 641 1399 686 con·

246 727 466 816 temptionem
488 727 599 796 inesse
621 730 723 816 putat
745 727 796 794 his
821 727 934 796 verbis
956 728 1067 794 fr223

486 838 537 901 τοῦ
561 838 752 923 μεθυπλῆγος
772 837 777 922 Ι
799 837 935 923 φροίμιον
957 836 1130 925 Ἀρχιλόχου

245 946 281 1012 id
314 945 404 1034 quod
433 943 515 1011 mihi
546 943 683 1011 dubium
715 967 788 1011 esse
818 944 971 1031 videtur;
1007 943 1170 1032 siquidem
1200 945 1395 1038 μοθοπλῆγος

247 1053 422 1142 epitheton
444 1075 486 1119 ex
509 1074 547 1119 eo
564 1049 710 1118 carmine
725 1051 814 1139 quod
830 1051 1054 1119 Callimachus
1077 1055 1232 1140 spectare
1255 1050 1396 1120 videtur
1532 1135 1533 1140 ἵ

247 1161 411 1251 explicari
432 1160 532 1228 licet:
565 1160 703 1256 φροίμιον
726 1160 813 1247 enim
837 1160 908 1228 aine
940 1160 1040 1227 dubio
1071 1167 1124 1228 est
1152 1159 1394 1246 dithyrambus

247 1291 344 1359 quem
375 1269 598 1337 Archilochus
632 1268 668 1334 in
700 1269 824 1336 Bacchi
852 1269 1017 1339 honorem
1050 1272 1190 1336 cantare
1223 1289 1259 1336 se
1292 1285 1393 1354 posse

197 1450 200 1455 ,
245 1379 345 1461 dicit,
376 1401 449 1445 cum
472 1377 585 1445 ebrius
608 1377 715 1444 fuerit
738 1377 784 1464 (fr
808 1379 849 1444 77
873 1377 959 1444 οἴνωι
983 1375 1239 1464 συγκεραυνωθεὶς
1259 1373 1393 1460 φρένας)ι

246 1487 382 1556 summis
412 1491 531 1554 contra
562 1485 717 1553 laudibus
742 1486 944 1553 Theocritus
971 1485 1081 1552 omnia
1102 1480 1298 1552 Archilochi
1321 1504 1394 1549 car·

246 1596 343 1662 mina·
358 1577 611 1682 comprehendit
634 1616 684 1682 ep.
708 1593 749 1658 21

333 1701 503 1790 Ἀρχίλοχον
526 1701 575 1766 καὶ
600 1703 687 1766 στᾶθι
709 1699 759 1766 καί
784 1697 876 1766 εἴσιδε
898 1700 948 1766 τὸν
971 1701 1063 1766 πάλαι
1087 1699 1212 1786 sarphu

375 1810 424 1875 τὸν
446 1819 506 1875 τῶν
531 1810 646 1898 ἰάμβων
671 1808 761 1874 οὔτὸ
786 1809 886 1896 μόριον
910 1809 995 1882 κλέος

422 1920 528 2005 διῆλθε
551 1917 624 2004 κήπὶ
644 1918 735 1982 νύκτα
756 1916 808 1980 καί
829 1915 902 2003 πρὸς
925 1919 982 1980 ἀῶ,

330 2029 349 2114 ἦ
374 2027 410 2114 ‘pc'r
435 2054 481 2112 μιν
505 2029 537 2092 αἱ
563 2027 677 2092 Μοῖσαι
698 2025 751 2092 καί
774 2028 790 2089 ὁ
815 2025 923 2099 Δάλιος
946 2026 1079 2111 ἠγάπεον
1104 2024 1253 2091 Ἀπόλλων

376 2141 418 2209 ὡς
440 2139 572 2223 ἐμμελὴς
594 2137 620 2202 τ’
645 2135 744 2220 ἔγεντο
766 2135 935 2220 κὴπιδέίιος

422 2245 496 2310 tusci
518 2269 550 2309 τε
572 2247 666 2309 ποιεῖν
689 2242 761 2330 πρὸς
782 2243 873 2329 λύραν
896 2244 919 2307 τ’
945 2243 1063 2309 ἀείδειν.

246 2355 355 2444 primo
379 2352 488 2440 igitur
510 2354 583 2420 loco
606 2353 757 2419 nominat
779 2351 975 2419 Archilochi
999 2353 1142 2435 iambos,
1176 2351 1296 2418 deinde
1319 2350 1396 2418 ἔπεα

246 2487 311 2552 quo
352 2463 484 2530 nomine
525 2461 628 2528 etiam
663 2460 806 2547 elegiam
839 2461 1074 2549 comprehendi
1111 2459 1394 2527 Wilamowitniua

247 2573 362 2640 Herm.
381 2573 415 2638 X
430 2573 495 2638 344
518 2571 683 2659 exposuit,
709 2571 850 2657 denique
870 2570 1018 2638 carmina
1039 2570 1151 2658 lyrica
1173 2593 1237 2658 quo
1261 2569 1394 2636 nomine

245 2680 313 2748 nisi
335 2679 450 2747 'fallor
472 2679 655 2746 Iobacchos
686 2677 769 2745 dicit
791 2679 825 2744 fr
838 2679 902 2745 120
913 2702 953 2767 sq
980 2681 1021 2752 είς
1046 2677 1217 2766 Ἀρχίλοχον
1241 2682 1393 2766 ἀναφερο-

248 2790 362 2876 μένους.
437 2871 438 2874 Ὶ
580 2871 581 2876 ¹
845 2780 848 2786 ¹

216 2911 224 2925 '
334 2897 390 2965 Ad
420 2895 658 2985 grammaticos
691 2918 764 2963 cum
786 2895 1059 2984 transgredimur
1090 2917 1146 2962 res
1170 2896 1264 2963 nobis
1288 2895 1392 2964 attin-

244 3006 354 3095 gendo
377 3008 430 3072 est
454 3027 539 3093 quse
561 3005 677 3071 multis
702 3005 787 3088 setis
808 3007 940 3072 incerta
955 3006 1102 3088 videtur,
1126 3027 1284 3072 canonem
1307 3005 1391 3071 dieo.

247 3114 389 3196 Quintil.
412 3113 470 3200 qui
485 3113 519 3178 X
537 3114 564 3196 1,
581 3114 624 3193 54
647 3112 688 3180 de
708 3113 912 3181 Aristarcho
936 3117 1039 3201 atque
1061 3113 1293 3202 Aristophane
1316 3135 1392 3200 poe-

245 3221 545 3289 tarumiudioibus
574 3223 678 3288 verbe
700 3221 784 3288 facit
806 3222 850 3288 ib.
868 3224 910 3290 59
932 3223 1015 3290 haec
1040 3225 1198 3309 praebet:
1232 3245 1270 3288 err
1291 3224 1400 3288 trihus*

243 3333 373 3412 receptis
406 3331 590 3396 Aristarchi
631 3332 750 3396 iudicio
791 3335 998 3413 scriptoribus
1038 3335 1212 3398 'torchorum
1252 3335 1294 3400 ιιιί
1336 3333 1393 3402 ἓίιν

245 3441 380 3505 marture
415 3439 585 3520 pertinebit
626 3457 710 3504 renus
753 3441 969 3506 Archilochus,
1028 3439 1114 3506 unde
1146 3442 1319 3508 Vaenerus
1358 3439 1395 3505 in

248 3548 381 3636 epilogo
412 3546 572 3632 Dionysii
594 3573 625 3611 π.
652 3549 807 3632 μιμήσεως
835 3547 951 3614 libello
979 3547 1097 3615 addito
1127 3549 1289 3635 phesur
1317 3565 1394 3613 con*

246 3657 347 3742 clusit
380 3655 621 3743 Aristophanis
659 3655 846 3738 ,delectum
885 3656 987 3722 alium
1026 3658 1131 3724 fuisse
1166 3657 1279 3728 verbis
1314 3657 1394 3722 Ari·

245 3766 363 3830 starchi
394 3766 509 3830 iudicio
540 3767 580 3830 ut
611 3763 692 3830 mihi
724 3764 857 3852 quidem
887 3765 1025 3833 videtur
1055 3787 1136 3832 sono
1168 3765 1269 3832 nimio
1293 3763 1395 3832 elatis

248 3895 333 3961 quae
366 3894 433 3939 non
471 3895 605 3940 necesse
641 3876 694 3940 est
728 3873 953 3961 Aristophani
987 3873 1144 3962 opposita
1178 3895 1259 3942 esse.
1317 3893 1394 3940 narn

190 3967 191 3971 ¹
248 4004 345 4070 quem
367 3979 616 4070 Aristophanes
648 3981 751 4048 alium
781 3982 932 4070 recipere
963 3984 1102 4070 poterat
1133 3983 1220 4070 (cum
1242 3981 1394 4048 Ananias

248 4091 306 4158 vix
339 4090 375 4156 in
411 4111 545 4157 censum
577 4090 705 4176 veniat)
741 4094 879 4179 praeter
916 4091 1154 4158 Archilochum
1187 4090 1395 4160 Semonidem

248 4199 494 4287 Hipponactem
503 4200 528 4286 ⁴)
567 4222 707 4287 quorum
748 4199 883 4267 nomina
915 4199 1065 4267 omnibus
1098 4199 1180 4267 loeis
1211 4199 1396 4286 leguntur?

322 4427 352 4497 4)
369 4424 533 4489 hroahnert,
549 4437 703 4477 canonesna
716 4419 847 4480 luerunt?
876 4421 1145 4493 diss.Ragim.189'i
1167 4424 1243 4492 par
1262 4425 1307 4492 qui
1326 4424 1396 4478 hanc
1532 4429 1533 4434 ’

248 4518 412 4590 Quintiliani
432 4513 622 4572 difficultatem
642 4516 770 4583 neglexit.
