3094 5002
798 288 840 357 32

246 464 297 532 bis
319 462 552 532 Archilocheis
585 466 731 532 utuntur
762 465 890 548 τέττιγος
923 464 1037 551 &Apollo
1071 467 1180 551 πτεροῦ
1210 488 1231 533 a
1260 447 1402 532 Dielsio
1501 507 1502 544 ss

245 576 359 641 Herm.
376 575 505 657 rama
529 573 695 658 indicato;
726 597 809 661 quos
834 573 968 640 etiamsi
990 595 1057 640 non
1079 574 1171 661 ipsos
1196 573 1300 640 ullum
1323 573 1403 640 Ar·
1501 567 1502 584 ²

245 683 386 750 chilochi
406 705 540 750 carmen
555 683 678 769 legisse
695 687 803 770 putes,
828 686 941 748 tamen
956 684 1108 751 fortasse
1131 706 1246 750 eorum
1269 687 1401 750 auctor
1501 773 1502 780 ἵ

244 793 340 879 legit.
386 793 501 880 itaque
523 792 708 861 verisimile
732 797 786 859 est
818 793 853 857 in
874 792 1041 878 florilegio
1074 793 1218 880 quodam
1246 793 1282 859 id
1317 815 1400 860 oar·

244 926 319 980 men
341 902 397 992 vel
419 901 490 969 cius
514 906 646 989 partem
669 902 841 969 extitisse:
877 901 969 970 illius
1003 902 1114 989 poesis
1139 901 1292 990 reliquiis
1315 906 1399 970 ute·
1501 907 1502 910 ’

245 1014 380 1095 bantur,
411 1011 503 1078 cuius
526 1010 707 1078 luminibus
731 1033 792 1078 sua
813 1011 962 1078 carmina
984 1013 1149 1099 probrosa
1171 1019 1396 1079 exornarent.
1501 1085 1502 1088 Ἴ

244 1144 347 1210 quare
370 1144 437 1186 non
465 1120 587 1188 inutile
617 1121 663 1188 sit
685 1120 908 1209 Hipponactis
941 1144 1076 1188 monere
1107 1121 1255 1188 carmina
1289 1143 1397 1208 quae-

241 1230 318 1296 dam
339 1253 444 1318 usque
468 1229 511 1296 ad
535 1230 681 1297 Taetzae
705 1229 874 1297 saeculum
897 1235 1036 1297 servata
1058 1253 1131 1298 esse
1147 1231 1191 1313 19).

329 1340 455 1406 Restat
477 1342 517 1405 nt
539 1338 692 1407 breviter
715 1361 927 1428 exponamus,
959 1340 1121 1427 quomodo
1145 1346 1181 1407 et
1204 1339 1324 1426 quibus
1347 1339 1397 1405 de
1501 1369 1502 1374 ¹

243 1438 351 1516 causis
376 1470 415 1515 ea
431 1469 522 1537 quae
545 1448 641 1515 nobis
665 1453 804 1516 servata
827 1453 906 1516 sunt
928 1449 1122 1535 fragmenta
1150 1448 1193 1514 ad
1220 1472 1281 1514 nos
1314 1471 1395 1536 per·

242 1557 407 1626 venerint.
454 1562 609 1625 auctores
642 1558 761 1644 quibus
793 1580 833 1624 ea
863 1558 1020 1624 debemus
1054 1557 1153 1645 pauci
1185 1557 1394 1626 vetustioris
1501 1591 1502 1644 ς

244 1668 370 1735 aetatis
402 1674 499 1752 sunt,
532 1667 632 1754 longe
660 1667 807 1755 plurima
836 1668 925 1755 apud
947 1667 1198 1734 Alexandrinos
1222 1689 1393 1761 gramma·

242 1777 329 1844 ticos
353 1781 388 1844 et
412 1775 594 1843 Caesarum
617 1779 806 1864 temporum
835 1776 1020 1864 scriptores
1052 1777 1231 1863 leguntur,
1266 1776 1392 1864 quibus

244 1890 279 1954 et
303 1908 343 1953 ea
363 1887 437 1952 fere
468 1886 578 1952 omnia
610 1883 791 1952 tribuenda
823 1889 904 1952 sunt
935 1907 1021 1974 qnae
1052 1886 1141 1973 apud
1174 1872 1391 1970 Byaantinos

243 2000 399 2062 auctores
422 1994 651 2063 inveniuntur.
1254 1980 1258 1986 ’

249 2162 252 2170 ,
331 2104 500 2172 Classicae
525 2126 609 2192 quae
631 2103 758 2170 dicitur
792 2104 917 2171 aetatis
953 2104 1155 2192 scriptores,
1188 2121 1392 2191 quamquam

242 2214 413 2281 interdum
428 2214 518 2280 locos
535 2212 776 2280 Archilocheos
796 2210 991 2301 respiciunt,
1013 2205 1083 2301 ipsi
1105 2218 1199 2281 certe
1221 2235 1287 2278 non
1303 2199 1390 2278 mul·

243 2328 298 2392 tos
322 2347 441 2391 versus
466 2327 701 2405 servaverunt,
725 2323 791 2389 nisi
814 2324 902 2410 quod
926 2345 1040 2390 eorum
1063 2323 1271 2391 imitationes
1295 2326 1391 2390 vete³

242 2456 297 2500 res
321 2432 558 2519 grammaticos
583 2455 656 2498 cum
678 2455 745 2498 non
767 2433 927 2518 fugerent
950 2433 994 2498 ad
1009 2433 1247 2501 adscribendos
1268 2417 1390 2499 versus

155 2543 157 2547 ⁴
242 2542 490 2626 incitaverunt,
506 2543 557 2608 'ab
581 2541 692 2608 altera
714 2547 814 2630 parte
831 2541 1079 2630 Cephisodotus
1102 2541 1267 2608 Isocratis
1290 2526 1392 2607 disoiss

241 2652 341 2742 pulus
375 2651 571 2718 Archilochi
603 2651 711 2718 locum
753 2652 869 2717 fr124
906 2643 1118 2739 vituperavit
1128 2651 1176 2736 ²⁰).
1233 2651 1390 2736 integros
1501 2651 1502 2658 '

243 2761 442 2828 Archilochi
462 2783 582 2828 versus
610 2763 690 2827 ante
715 2761 938 2828 Aristotelem
969 2781 1037 2828 non
1069 2759 1214 2829 tradunt
1247 2766 1389 2846 excepto
1501 2801 1502 2806 κ

242 2873 298 2940 70³
323 2871 380 2958 qui
402 2892 523 2936 versus
547 2869 582 2935 in
603 2870 869 2956 [Plat.]Eryxia
891 2872 981 2938 3970
1004 2870 1150 2957 legitur;
1168 2853 1391 2936 ¹'Aristoteles'

243 2985 383 3068 praeter
393 2979 558 3046 incertum
571 3001 837 3066 anonymumque
851 2979 1085 3046 frlAduorum
1096 2969 1279 3046 carminum
1287 2977 1393 3044 21174
1439 2998 1442 3004 ’
1501 3031 1502 3034 ,

244 3089 482 3156 initia'affert.
536 3097 539 3099 ’
585 3088 784 3155 recentioris
808 3089 932 3156 aetatis
955 3089 1095 3156 testium
1113 3112 1155 3155 ne
1171 3085 1390 3154 multitudine

242 3199 429 3279 turbemur,
454 3196 625 3265 videamus
642 3198 761 3285 quibus
777 3198 886 3264 causis
904 3198 946 3263 ad
965 3198 1200 3265 exscribendos
1218 3219 1337 3264 versus
1350 3199 1394 3262 et'

243 3329 341 3376 voces
358 3308 514 3374 commoti
531 3306 607 3374 sint.
632 3307 667 3371 in
683 3308 802 3393 quibus
818 3304 1115 3392 grammaticorum
1128 3306 1274 3373 studium
1286 3305 1386 3391 longe

244 3416 388 3504 primum
404 3416 513 3482 locum
530 3415 678 3482 obtinet:
703 3437 778 3480 nam
795 3424 937 3503 propter
952 3417 1096 3482 formam
1111 3407 1228 3482 vocum
1244 3426 1389 3502 quarum

247 3525 323 3592 dam
346 3528 387 3593 ab
410 3525 542 3591 usitata
565 3525 708 3590 alienam
731 3525 942 3607 nonnullam)
965 3527 1006 3592 ab
1030 3525 1071 3592 iis
1095 3523 1267 3611 exscripta
1290 3525 1388 3606 sunt3

245 3635 352 3702 multo
376 3634 476 3722 plura
498 3635 578 3700 sunt
602 3656 686 3722 quac
708 3633 750 3700 ad
767 3634 987 3702 elocutionem
1014 3634 1226 3723 pertineant:
1250 3635 1390 3719 praetor

243 3744 375 3832 glossas
398 3743 477 3810 illas
506 3745 540 3809 fr
558 3744 742 3810 154-199
775 3745 934 3812 habemus
957 3745 986 3809 L
1010 3745 1093 3830 ‘fere
1127 3731 1321 3829 fragmenta
1343 3739 1388 3806 ad

246 3873 330 3940 quae
352 3852 423 3918 ΧΠ
445 3852 615 3920 Athenaei
639 3852 801 3922 accedunt
824 3877 886 3941 pro
910 3877 1025 3920 rerum
1046 3854 1102 3920 vel
1124 3851 1307 3928 nominum,
1322 3839 1391 3914 mess

244 3961 458 4028 morabilium
478 3961 682 4029 testimoniis
706 3963 754 4028 eis
779 3964 841 4030 usi.
894 3963 971 4029 aliis
995 3963 1117 4031 studiis
1140 3982 1246 4050 pauca
1269 3960 1389 4026 deben-

245 4122 450 4134 ...κ-κιαι...-

254 4232 256 4237 ·
320 4209 350 4260 19
383 4208 413 4261 cf
457 4209 524 4264 27¹¹.

254 4341 260 4350 ,
317 4209 364 4370 201
383 4225 457 4357 aliid
475 4303 685 4372 vituperationis
705 4303 857 4372 exemplum
880 4303 930 4359 Dio
950 4303 1015 4358 Chr.
1032 4317 1071 4359 or.
1092 4302 1236 4360 6011134
1256 4279 1383 4372 servavit,

245 4391 275 4450 cf
292 4391 317 4447 lr
340 4397 398 4448 147.

316 4487 363 4558 21)
382 4487 407 4542 n
426 4489 762 4544 5.ls.95.109.131.137
777 4507 816 4558 sq.
