3094 5002
791 352 794 356 ·
816 313 838 388 4

250 495 386 568 fabulae
409 499 515 567 fuisse
536 498 731 566 memoriam
763 497 979 564 statuendum
1006 497 1165 565 videatur
1193 495 1235 562 ab
1257 491 1394 562 Aeliani

248 608 490 696 Plutarchique
506 610 644 674 auctore
660 605 898 691 conflatam¹²).
943 605 1085 672 tertium
1107 606 1288 693 praeterea
1309 600 1392 688 legi-

251 719 311 786 tur
333 741 453 784 nomen
474 713 590 802 Ἀρχίας
614 701 703 803 apud
726 714 929 782 Oenomaum
939 714 989 798 ¹³).

336 825 558 894 Oraculorum
591 822 740 911 vestigia
772 845 793 890 a
821 822 1057 890 Pieoolominio
1090 823 1175 890 satis
1211 819 1394 908 diligenter

249 933 435 1022 composita
456 957 524 1001 non
545 956 681 1001 necesse
714 935 768 999 eat
798 932 918 1020 repeti.
964 955 1066 998 unum
1100 934 1235 999 tantum
1268 931 1393 998 addere

245 1041 349 1109 liceat
375 1065 396 1108 a
418 1041 683 1109 Wilamowitzio
718 1039 800 1106 mihi
832 1039 1016 1106 indicatum
1047 1040 1136 1128 quod
1168 1062 1209 1107 ex
1232 1038 1392 1108 Oenomai

246 1149 324 1218 lusu
338 1157 390 1237 τῆς
406 1154 475 1237 παρ’
493 1151 576 1236 ὑμῶν
593 1157 724 1238 φωνῆς
740 1148 835 1236 ἄνδρα
851 1149 1055 1236 φωνάεντα
1079 1149 1253 1222 ἀποκτείνας
1270 1146 1390 1217 elucet.

333 1260 375 1325 In
397 1260 508 1328 altero
542 1259 677 1327 oraculo
711 1260 846 1326 constat
871 1257 1040 1325 Calondae
1071 1259 1274 1347 imperatum
1308 1281 1391 1341 esse,

246 1372 286 1435 ut
309 1368 418 1435 locum
442 1369 606 1458 quendam
627 1372 772 1457 peteret,
796 1367 855 1434 ubi
876 1367 1072 1435 Archilochi
1095 1390 1208 1435 manes
1228 1367 1390 1456 placaret.

245 1478 288 1544 ab
310 1475 373 1542 hoc
395 1476 489 1543 iussu
511 1475 768 1543 Piccolominius
792 1474 1097 1561 argumentationis
1127 1471 1265 1544 exordio
1297 1497 1391 1561 repe·

245 1581 312 1650 tito
337 1587 372 1650 et
395 1583 436 1650 de
458 1584 556 1651 huius
582 1583 711 1651 oraculi
733 1584 844 1648 forma
865 1581 1012 1669 genuina
1041 1586 1076 1649 et
1105 1582 1146 1650 de
1178 1582 1391 1650 oraculorum

246 1690 379 1778 origine
402 1691 482 1778 egit.
528 1695 632 1779 atque
655 1690 696 1757 de
718 1686 863 1777 genuino
888 1690 1024 1757 oraculo
1046 1690 1133 1757 hanc
1151 1690 1300 1779 protulit
1318 1713 1390 1758 sen·

245 1799 388 1866 tentiam
422 1799 530 1886 (268);
565 1821 672 1885 neque
695 1796 832 1865 Aeliani
865 1799 970 1864 verba
1001 1800 1016 1860 ὁ
1050 1797 1120 1871 θεὸς
1150 1797 1239 1863 αὐτὸν
1273 1797 1389 1863 κελείιει

245 1901 348 1974 ἐλθεῖν
372 1909 402 1980 ἐς
425 1905 579 1992 Ταίναρον,
607 1905 681 1970 ἔνθα
703 1905 803 1976 Τέττιί
827 1905 973 1970 τέθαπται
996 1928 1102 1993 neque
1125 1905 1304 1973 Plutarchi
1326 1907 1389 1970 ἐνε-

242 2017 362 2104 λειίοθη
386 2013 542 2103 πορευθείς
565 2013 613 2079 ἐπί
634 2013 687 2099 τὴν
710 2018 763 2080 τοῦ
783 2009 920 2098 Τέττιγος
943 2013 1057 2098 οἴκησιν
1082 2013 1244 2080 ἱλάσασθαι
1266 2015 1320 2101 τὴν
1336 2017 1389 2079 τοῦ

242 2121 415 2212 Ἀρχιλόχου
439 2125 557 2211 ψυχὴν·
581 2127 669 2188 τοῦτο
692 2116 718 2186 θ’
731 2121 767 2206 ἦν
792 2123 807 2184 ὁ
830 2119 974 2208 Ταίναρος
996 2124 1059 2187 κτλ.
1076 2121 1257 2210 pristinam
1273 2145 1390 2189 cracu-

242 2231 352 2300 lorum
376 2231 632 2320 ambiguitatem
656 2253 826 2313 servasse,
858 2232 1040 2319 utrumque
1062 2231 1294 2301 testimonium
1316 2255 1388 2300 cor-

241 2343 380 2428 ruptum
403 2363 492 2425 esse;
525 2343 639 2406 tamen
666 2338 701 2405 in
723 2338 861 2406 Aeliani
884 2337 998 2406 verbis
1030 2338 1105 2404 ἔνθα
1127 2341 1218 2413 τέττιξ
1240 2341 1389 2407 τέθαπται

242 2448 316 2517 veri
337 2447 448 2516 latere
471 2447 671 2534 vestigium,
708 2447 826 2536 quibus
851 2447 943 2514 locus
967 2446 1121 2535 sepultae
1145 2445 1278 2516 cicadae
1302 2449 1386 2515 indi-

242 2559 337 2624 catus
362 2555 418 2644 sit.
463 2559 584 2644 postea
606 2580 686 2623 vero
710 2556 875 2622 hominem
899 2555 1056 2623 extitisse
1085 2555 1143 2643 qui
1172 2559 1276 2625 verbo
1308 2579 1387 2646 quo-

240 2663 316 2732 dam
339 2661 476 2749 Τὲττιγος
499 2665 621 2751 ἕδρανον
644 2686 724 2731 usus
747 2663 859 2732 facete
883 2662 1013 2732 sedicet
1036 2663 1127 2732 dicto
1151 2665 1273 2733 falsam
1292 2665 1387 2734 illam

240 2858 346 2913 ίτιτεινιΙ
365 2857 428 2933 πρὸς
448 2859 475 2914 ὅν
495 2877 568 2934 φασιν
588 2861 664 2916 εἰπεῖν
676 2863 723 2936 τὴν
736 2859 833 2917 Πυθίαν
852 2861 922 2924 ιἔξιθι
939 2862 1012 2936 νηοῦ’
1031 2864 1086 2918 ιιτλ.
1119 2864 1202 2918 verba
1218 2861 1386 2938 Αρχ.-ττρὸς

240 2967 403 3021 quamquam
423 2953 449 3006 in
470 2953 689 3009 ‘recentioribus’
717 2962 824 3010 tantum
844 2963 940 3010 extant
960 2955 1118 3019 codicibus,
1146 2963 1237 3010 tamen
1257 2965 1321 3010 suut
1340 2971 1384 3024 ge·

240 3046 331 3098 noina.
370 3061 431 3100 nam
451 3045 484 3099 de
505 3046 637 3099 librorum
659 3047 766 3100 ratione
786 3064 838 3101 non
860 3057 934 3101 recte
954 3047 1091 3100 iudicasse
1112 3046 1238 3112 Rodum,
1265 3047 1292 3101 id
1313 3049 1384 3116 quod

238 3134 380 3190 Kaibeliua
411 3135 693 3204 Wilamowitziusque
728 3137 755 3189 in
785 3137 945 3192 Aristotelis
978 3138 1033 3192 πολ.
1061 3136 1112 3192 'Ab
1140 3139 1261 3193 editione
1281 3141 1328 3208 ⁸p
1350 3143 1385 3196 83

237 3235 303 3282 ante
323 3244 364 3282 me
383 3227 504 3283 breviter
523 3229 721 3296 indicaverunt,
742 3232 838 3298 paucis
858 3247 874 3284 a
894 3246 936 3284 me
954 3231 1143 3299 exponendum
1163 3242 1213 3286 est.
1252 3250 1305 3287 non
1322 3234 1381 3288 cod.

238 3319 302 3373 Vct.
314 3323 366 3374 997
385 3322 503 3375 omnium
524 3322 657 3377 librorum
677 3324 843 3392 archetypus
862 3332 919 3393 est3
942 3325 1021 3378 immo
1042 3341 1102 3378 oum
1119 3326 1189 3379 ABG
1200 3325 1382 3380 Schneidewi-

236 3412 327 3466 niania
348 3415 464 3468 alterius
483 3423 527 3469 est
547 3413 677 3479 familiae,
697 3417 812 3471 ulterius
829 3417 941 3472 Perusci
961 3419 1062 3487 liberp
1082 3418 1184 3486 aliique
1203 3421 1381 3475 recentiores.

238 3521 292 3573 qua
317 3505 349 3558 dc
371 3522 399 3559 rc
419 3515 529 3560 constat
548 3523 581 3561 ex
601 3510 743 3576 utriusque
762 3507 882 3563 familiae
902 3509 1007 3564 lacunis
1027 3511 1074 3580 (de
1094 3511 1192 3578 quibus
1212 3529 1234 3565 v.
1256 3511 1383 3566 Schneid.

237 3611 254 3663 p
275 3595 393 3665 LXIV):
423 3598 521 3666 quibus
541 3600 608 3654 locis
628 3601 699 3654 sicut
716 3601 779 3654 aliis
800 3601 823 3654 V
844 3617 904 3654 cum
928 3601 996 3656 ABG
1016 3602 1097 3670 plane
1114 3603 1259 3658 consentit.
1296 3617 1384 3672 neque

237 3705 255 3757 p
276 3705 309 3742 cx
330 3689 352 3742 V
372 3692 540 3760 exscriptum
565 3708 626 3747 esse
645 3709 676 3747 eo
697 3703 800 3748 certum
821 3693 860 3758 fir,
881 3695 952 3763 quod
973 3697 1035 3764 inp
1055 3697 1147 3751 multis
1172 3697 1240 3751 locis
1260 3698 1383 3751 codicum

237 3779 332 3834 ABCV
353 3783 508 3850 scripturae
528 3793 625 3851 postea
639 3785 751 3840 additae
772 3795 852 3841 sunt:
872 3791 943 3858 pt„
963 3787 1089 3842 Schneid.
1110 3791 1137 3859 6Β
1158 3794 1207 3862 7,.6
1226 3795 1266 3863 8,,
1289 3787 1384 3864 ’10οἨ

236 3875 292 3943 11ιο
317 3874 483 3946 13„(‘p²’).¹⁶
514 3880 606 3948 15¹0.u
632 3880 686 3949 16„
709 3883 753 3950 Πι
773 3883 836 3950 2¹⁵3
864 3883 947 3934 etiam
972 3880 1006 3935 ad
1033 3881 1147 3937 lacunas
1166 3885 1316 3953 expiendas
1336 3887 1385 3940 Pe·

233 3982 330 4021 roccus
350 3984 404 4022 uon
425 3968 484 4023 cine
504 3973 657 4039 sagacitate
677 3973 792 4028 alteram
814 3974 945 4028 familiam
968 3975 1098 4030 adhibuit·
1112 3977 1244 4043 (sortasse
1264 3977 1384 4034 codicem

233 4057 395 4115 Vaticanum
417 4059 448 4128 V,
479 4077 541 4116 nam
569 4063 596 4118 in
626 4081 643 4132 p
667 4067 710 4136 17⁴
730 4064 808 4138 αὐτῆς
827 4066 936 4134 legitur
964 4083 1024 4123 cum
1045 4067 1091 4124 VA
1124 4067 1239 4138 [ταύτοῑς
1259 4070 1307 4141 0],
1336 4073 1380 4140 23ι

234 4151 339 4205 cumV
374 4153 433 4206 eolo
462 4149 635 4227 Βρεντεσίοοςι
668 4174 722 4226 quo
751 4158 844 4212 codiee
874 4160 901 4212 in
928 4159 1098 4217 bibliotheca
1118 4160 1182 4218 vat.
1200 4164 1241 4217 uti
1260 4163 1382 4233 poterat)

231 4245 404 4316 ‘14,.,11‘t'„.⁸
427 4248 481 4318 19ιι
503 4248 569 4318 (non
589 4250 616 4303 in
637 4250 693 4320 mg)
713 4251 760 4320 20,
780 4252 856 4321 22‚.,
877 4252 988 4322 222-23,
1009 4255 1096 4324 2tffl.

305 4341 349 4407 12)
369 4340 461 4395 nescio
473 4357 508 4395 an
518 4343 684 4397 Plutarchus
697 4345 787 4398 verbis
801 4343 837 4404 ὡς
850 4345 929 4399 ἔοικεν
948 4347 1019 4399 hanc
1033 4346 1223 4406 difficultatem
1238 4351 1378 4420 respiciat.

305 4433 347 4502 13)
366 4448 410 4502 ap.
442 4433 543 4492 Euseb.
564 4438 582 4490 l.
601 4436 652 4490 ht
683 4438 770 4510 φονεὺς
800 4439 982 4509 (Archilochi)
1010 4468 1045 4478 -
1076 4440 1093 4511 ἡ
1122 4440 1184 4514 πρὸς
1208 4441 1253 4496 τὸν
1282 4440 1381 4518 Ἀρχίαν

230 4525 328 4604 ἀπιιλή.
