3094 5002
811 317 855 387 44

260 491 323 564 οὐδ’
349 493 438 585 ἀργός
461 520 532 562 ποτε
555 493 706 565 coniecit.
753 497 868 564 tamen
899 495 967 564 alia
995 495 1051 565 vic
1073 495 1321 585 procedendum
1344 501 1406 567 est.

261 633 338 676 nam
361 605 502 694 οὐδαμῶς
525 607 697 696 scriptura
720 606 755 674 in
777 607 806 672 B
830 611 924 675 recte
946 607 1087 692 tradita,
1112 607 1147 674 in
1170 593 1322 696 altero}
1346 633 1407 699 pro

259 721 366 809 fiper
389 715 541 786 errorem
564 715 693 805 scripta
716 739 790 784 esse
811 717 958 785 videtur.
1006 718 1148 803 οὐδαμῶς
1180 722 1294 786 autem
1323 717 1407 786 indi·

262 835 317 898 cat
339 828 471 917 triplici
492 827 586 895 laudi
609 823 760 894 additam
776 834 933 914 quartam
956 827 1117 913 negativa
1139 828 1249 914 figura
1272 827 1405 913 elatam,
1523 857 1524 906 ι

260 941 280 1006 i.
296 964 322 1008 e.
348 940 488 1024 οὐδαμῶς
502 937 632 1026 (anch),
659 938 714 1005 vel
735 937 849 1026 potius
873 937 907 1003 id
931 937 1019 1024 quod
1036 937 1212 1004 Kaibelius
1229 940 1408 1027 proposuit

259 1051 321 1115 οὐδ’
345 1049 444 1123 ἄλλος
467 1051 557 1122 κακός
580 1050 601 1115 i.
626 1071 653 1116 e.
677 1071 784 1136 neque
808 1047 885 1114 aliis
909 1047 1097 1114 nominibus
1121 1039 1264 1116 inutilis.

349 1161 422 1226 102.
447 1159 495 1246 (cf
508 1160 590 1226 109a
604 1157 713 1245 Orus.)
743 1158 778 1223 in
805 1157 957 1224 Behkeri
989 1157 1124 1224 scholiis
1141 1149 1296 1225 'Arateis
1322 1158 1407 1226 1009

203 1261 209 1266 .
261 1271 340 1336 olim
362 1269 444 1336 haec
465 1269 685 1356 legebantur:
710 1265 759 1330 καὶ
783 1277 850 1354 παρ’
875 1265 1051 1354 Ἀρχιλύχωι
1075 1265 1121 1353 ὑφ’
1148 1270 1260 1354 ἡδονῆς
1284 1259 1407 1334 σαλευο-

261 1380 336 1465 μένη
360 1381 489 1464 κορώνη,
513 1377 572 1443 ubi
594 1375 780 1444 Meinehius
807 1377 887 1442 olim
911 1399 983 1442 cum
1006 1377 1081 1443 veri
1105 1377 1216 1466 specie
1240 1379 1407 1465 οαλεομένη
1523 1443 1525 1470 γ

260 1488 464 1575 corrigebat.
520 1488 609 1575 quod
639 1510 705 1554 non
738 1487 805 1552 iam
834 1487 932 1570 licet;
963 1507 1040 1552 nam
1066 1486 1102 1554 in
1132 1486 1267 1554 scholiis
1299 1478 1408 1575 nuper

263 1595 410 1664 inventis
436 1594 470 1683 (p
483 1593 692 1677 531‘Maass.
706 1595 838 1662 elidem
850 1594 982 1662 Aratea
993 1618 1016 1682 p
1029 1595 1106 1681 354)
1125 1597 1232 1663 verba
1242 1595 1410 1684 singulari

260 1706 357 1773 modo
372 1709 473 1772 aucta
489 1708 586 1772 sunt:
610 1705 668 1771 ubi
690 1705 819 1792 legitur
842 1704 893 1769 καὶ
915 1705 983 1791 παρ’
1002 1702 1180 1794 Ἀρχιλύχωι
1202 1705 1222 1795 ἡ
1247 1705 1303 1793 ὑφ’
1327 1709 1409 1792 ἡδο-

262 1823 328 1902 νῆς
352 1819 604 1902 σαλευομένη
628 1818 784 1902 κορώνη

833 1927 933 2010 ὥσπερ
955 1923 1083 2011 κηρύλος

435 2036 543 2122 πτςέρη
567 2034 616 2100 ἐπὶ
638 2037 805 2121 προβλῆτος
829 2033 1035 2120 ἐπτερύοοετο.

260 2146 353 2214 nullo
376 2145 473 2214 modo
496 2143 647 2212 dubitari
681 2148 814 2266 potest,
850 2143 930 2230 quin
965 2145 1071 2211 verba
1104 2143 1156 2211 ita
1178 2143 1408 2230 intellegenda

260 2257 330 2324 sint
353 2260 393 2323 ut
408 2255 633 2341 significatum
657 2251 726 2321 est:
750 2253 860 2340 prima
875 2255 980 2321 verba
1002 2275 1070 2319 non
1081 2252 1278 2320 Archilochi
1300 2252 1407 2341 ipsius

262 2369 341 2433 sunt
365 2364 425 2432 sed
446 2364 710 2451 paraphrastae;
741 2366 861 2430 contra
884 2366 983 2449 ῶσπερ
1016 2362 1059 2429 ad
1081 2364 1188 2429 verba
1210 2361 1407 2428 Archilochi

263 2474 466 2542 trahendum
489 2477 560 2540 est:
585 2473 700 2540 eodem
716 2471 813 2562 modo
828 2476 930 2560 atque
954 2495 1015 2559 ego
1032 2471 1225 2560 nuperrime
1240 2471 1406 2538 Maassius

259 2585 333 2673 ipse
355 2605 441 2671 quae
470 2583 506 2648 in
528 2582 670 2649 Arateis
695 2582 837 2650 dederat
860 2581 1088 2666 commutavit,
1115 2580 1172 2669 qui
1194 2575 1283 2649 vidit
1306 2580 1408 2648 etiam

262 2695 296 2760 fr
309 2692 370 2759 141
394 2692 458 2758 huc
483 2694 647 2778 spectare.
1184 2680 1186 2685 ’

350 2799 422 2867 143.
459 2800 629 2888 egregiam
653 2798 831 2886 imaginem
856 2797 1006 2865 Dielsius
1029 2798 1233 2866 Archilocho
1258 2797 1408 2866 reddidit

262 2912 391 2996 τέττιγος
422 2911 494 2998 ἑδρά
497 2913 536 2983 ξω
561 2915 678 2996 πτεροῦ.
724 2931 801 2975 nam
832 2909 867 2974 in
893 2907 1008 2974 Herm.
1024 2907 1076 2990 23,
1090 2909 1154 2974 279
1182 2904 1335 2996 exempla
1357 2931 1409 2977 re·

262 3016 455 3086 cautissima
489 3015 640 3084 ostendit
672 3014 765 3080 lilius
796 3017 910 3082 tactae
932 3014 1066 3082 cicadae
1101 3038 1185 3102 quae
1208 3017 1251 3084 ad
1268 3013 1408 3086 Luciani

265 3127 490 3216 paraphrasin
513 3130 548 3193 et
570 3127 611 3192 ab
626 3123 807 3212 Apostolio
831 3128 866 3190 et
890 3123 1052 3192 aTzetza
1069 3124 1267 3193 111111Χ999
1283 3128 1408 3215 repeti-

263 3241 334 3303 tam
357 3237 587 3303 accesserunt:
610 3232 827 3300 Constantini
838 3232 963 3300 Rhodii
975 3255 1027 3320 ap.
1041 3234 1212 3322 Matrang.
1227 3256 1279 3302 an.
1294 3237 1408 3302 11628

263 3349 369 3414 verba
391 3344 455 3410 ἐπεὶ
478 3348 592 3431 ’πτερῶν
616 3344 746 3427 τέττιγος
769 3343 884 3429 ἐδράξω
908 3343 1000 3409 τάλαν
1009 3342 1048 3429 39
1072 3343 1260 3432 Leonisque
1285 3346 1408 3417 similia
1525 3361 1528 3376 ¹

266 3456 309 3522 ib.
323 3458 386 3522 537
418 3455 547 3539 τέττιγος
584 3453 742 3541 ἐδράξαντο
775 3457 826 3518 τοῦ
861 3455 974 3539 πτεροῦ
1003 3451 1090 3540 τάχα.
1136 3454 1224 3521 unde
1258 3449 1407 3524 Dielsius

264 3566 377 3635 effecit
401 3566 582 3633 dimetrum

436 3673 565 3756 τέττιγος
588 3671 704 3759 ἐδράξω
729 3675 846 3757 πτεροῦ.

261 3784 343 3852 haec
365 3805 438 3850 cum
461 3781 586 3870 optime
619 3804 655 3848 se
686 3781 850 3862 habeant,
884 3784 997 3846 tamen
1030 3779 1143 3846 nescio
1176 3801 1220 3847 on
1249 3780 1408 3853 trimetro

262 3893 484 3961 Archilochus
508 3915 589 3958 usus
613 3890 668 3958 sit.
713 3888 800 3979 quod
824 3893 859 3958 et
883 3887 1100 3957 Constantini
1122 3889 1236 3958 verbis
1261 3915 1409 3981 compro·
1526 3909 1528 3962 l

260 4002 336 4071 bari
351 4001 489 4070 videtur
512 4005 627 4087 πτερῶν
643 3999 771 4083 τέττιγος
790 4001 823 4063 ἐδ
827 3999 906 4086 ράξιο
930 3998 1056 4064 τάλαν
1081 4005 1116 4067 et
1133 3998 1273 4066 [luciani
1287 4000 1408 4070 Pseud.

263 4111 419 4179 1καὶοο
445 4111 534 4198 δη..
559 4113 584 4174 ὦ
618 4111 873 4194 νακόδαιμον
906 4108 1107 4196 ἄνθρωπε,
1142 4134 1169 4172 τι
1164 4109 1255 4176 κτλ
1290 4111 1407 4199 quibus

175 4228 177 4236 ’
264 4218 350 4285 illud
371 4219 462 4284 τάλαν
486 4215 799 4284 circumscribitur.
817 4214 976 4282 trimetro
992 4216 1105 4330 autem
1127 4217 1233 4333 verba
1247 4218 1412 4308 adaptata
1526 4251 1528 4296 ν

265 4332 346 4398 sunt
368 4328 430 4448 hoc
452 4327 549 4394 modo
614 4352 618 4388 1

323 4439 325 4446 '
438 4435 615 4502 υ-τάλοιν
638 4435 822 4519 τέττιγοςέὐ
826 4432 904 4521 μάξω
927 4437 1045 4520 πτεροῦ.

268 4543 325 4551 -—-·-
342 4542 371 4548 -—·
390 4541 396 4545 -
415 4540 472 4545 ··-'·

338 4579 384 4649 36)
403 4577 518 4633 ulterius
538 4549 632 4630 versus
658 4573 784 4630 vitiosum
797 4545 906 4630 initium
917 4571 1089 4630 Constantini
1109 4579 1151 4631 est
1169 4573 1267 4649 τούμοῦ
1282 4579 1413 4652 οῖγῶντος.
