3094 5002
794 326 834 401 le

233 506 366 600 Ιίρδυαμοί
385 539 412 579 τι
434 509 594 598 περιτιίλείς
616 520 665 597 τῆι
689 514 808 596 ποιήσει
840 513 945 597 μύθοις
969 511 1055 600 <οὐκ>
1083 497 1213 595 ὀλιγάκις
1236 507 1391 598 ἐχρήσατο

242 627 304 688 κτλ.
338 624 372 689 of
383 645 406 710 p
422 622 521 689 aava.
568 621 626 689 sed
649 644 690 687 ne
713 621 810 688 nimis
841 621 1046 689 festinanter
1069 621 1329 709 progrediamur
1351 618 1390 685 id

242 755 307 798 uno
340 733 444 800 verbo
476 734 615 817 tangam
647 728 749 796 etiam
777 731 1075 817 grammaticorum
1085 730 1109 816 6)
1141 752 1222 797 cura
1251 729 1292 796 de
1322 750 1390 816 qua

243 841 279 906 in
300 839 453 927 proximo
477 838 588 927 capite
605 837 771 924 agendum
796 839 864 905 erit
885 861 1040 926 magnam
1054 837 1252 906 Archilochi
1274 841 1389 905 aucto-

244 949 385 1015 ritatem
408 946 629 1036 comprobari.

237 1124 247 1134 ,
330 1055 428 1122 Inter
450 1055 620 1121 Romanos
644 1051 793 1119 Lucilius
819 1050 974 1120 Catullus
993 1052 1158 1120 Horatius
1183 1076 1256 1121 eum
1280 1052 1390 1120 secuti

244 1167 339 1248 sunt;
365 1161 422 1250 qui
437 1161 557 1249 quanti
572 1160 811 1228 Archilochum
826 1160 1062 1229 aestimaverit
1077 1160 1154 1228 inde
1171 1160 1388 1247 intellegitur

240 1268 333 1356 ¹quod
355 1265 598 1334 Alexandrinis
630 1265 740 1354 poetis
770 1264 934 1352 neglectis
964 1265 1008 1332 ad
1031 1266 1101 1334 eius
1126 1266 1312 1354 exemplum
1335 1289 1391 1332 re·

245 1377 319 1444 diit.
352 1415 395 1424 -
429 1379 549 1442 auctor
578 1374 687 1442 libelli
719 1375 852 1460 πῧροος
875 1376 955 1462 psa
989 1377 1094 1443 affert
1115 1376 1298 1443 Homerum
1321 1375 1391 1463 epi-

243 1508 300 1553 oae
321 1485 444 1574 poesia,
478 1483 717 1550 Archilochum
741 1483 917 1572 elegiacos,
950 1485 1135 1551 Pindarum
1157 1485 1297 1571 lyricae,
1330 1484 1391 1552 So-

243 1594 396 1685 phoclem
434 1592 633 1680 tragoediae
671 1616 815 1660 summos
852 1593 1006 1681 poetasl)
1044 1595 1163 1683 quibus
1200 1595 1392 1662 deteriores

244 1704 462 1793 Apollonium
499 1702 764 1770 Eratosthenem
800 1703 1040 1789 Bacchylidem
1076 1703 1191 1771 Ionem
1232 1704 1393 1795 opponit3

245 1818 346 1902 atque
364 1814 404 1880 de
423 1811 626 1879 Archilocho
642 1811 725 1878 dicit
748 1812 775 1875 τί
792 1812 840 1891 δέ;
862 1810 1085 1899 Ἐρατοσθένης
1108 1815 1139 1878 ἐν
1161 1821 1211 1899 τῆι
1229 1812 1393 1900 Ἠριγόνηι

245 1921 309 2007 (διαί
331 1915 448 1987 πάντων
471 1920 527 2007 γὰρ
552 1923 715 2006 ἀμώμητον
738 1919 770 1984 τὸ
794 1915 985 2006 ποιημάτιον)
1011 1920 1192 2009 Ἀρχιλόχου
1216 1923 1312 1988 πολλὰ
1338 1922 1390 1987 καὶ

245 2033 463 2116 ἀνοικονόμητοι
493 2030 713 2115 παρααίιροντος
745 2030 884 2115 κάκείνης
916 2038 969 2116 τῆς
1000 2033 1126 2118 ἐκβολῆς
1156 2039 1208 2098 τοῦ
1237 2033 1393 2118 δαιμονίου

244 2140 410 2226 πνεύματος
433 2141 468 2225 ἢν
492 2138 548 2203 ὑπὸ
570 2141 660 2223 νόμον
682 2130 767 2210 τάξαι
791 2139 943 2223 δύσκολον,
968 2138 1026 2225 ἆρα
1051 2139 1087 2224 δὴ
1113 2141 1223 2225 μείζων
1246 2142 1389 2227 ποιητὴς;

244 2251 338 2345 yides
372 2271 471 2338 quam
502 2247 575 2315 viro
599 2248 867 2334 ingeniosissimo
891 2247 1144 2314 invArchilochi
1166 2249 1311 2316 animum
1333 2273 1393 2338 pe-

246 2367 386 2428 netrare
409 2356 603 2444 contigerit,
638 2380 734 2444 quem
765 2381 826 2422 nos
856 2380 919 2445 pro
952 2357 1173 2446 reliquiarum
1204 2359 1393 2446 exiguitate

246 2468 341 2558 sequi
363 2489 429 2533 non
450 2465 626 2555 possimus.
678 2466 918 2533 Archilochum
947 2470 988 2532 ut
1021 2469 1099 2532 ἐπῶν
1130 2471 1265 2554 poetam
1294 2489 1393 2555 prae·

244 2582 299 2646 ter
332 2578 419 2642 hunc
451 2580 486 2642 et
510 2575 684 2642 Theocriti
714 2575 823 2642 locum
855 2584 958 2643 antea
988 2576 1199 2664 propositum
1228 2576 1264 2642 in
1287 2577 1391 2645 schol.

246 2685 329 2762 Bob.
347 2685 383 2752 in
405 2683 472 2752 Cic.
486 2707 548 2772 pro
565 2683 668 2752 Arch.
683 2708 706 2772 p
722 2685 786 2751 358
803 2686 860 2751 Or.
886 2715 926 2740 =
952 2685 1127 2772 [Aristot]
1151 2685 1186 2750 fr
1202 2687 1266 2752 676
1281 2687 1314 2753 R
1337 2685 1389 2773 ed.

249 2795 334 2874 1886
357 2794 543 2864 invenimus
567 2794 602 2860 id
625 2794 714 2882 quod
736 2795 798 2862 hoc
820 2795 892 2862 loco
917 2794 1086 2863 subiciam.

333 2904 387 2969 Ex
410 2902 561 2994 omnibns
584 2902 636 2969 his
659 2902 863 2969 testimoniis
885 2908 978 2971 certo
994 2906 1138 2990 apparet
1153 2901 1398 2971 Archilochum

244 3036 305 3101 per
329 3015 438 3080 totam
461 3011 701 3100 antiquitatem
725 3035 852 3079 summa
874 3011 1081 3080 anctoritate
1098 3016 1133 3080 et
1154 3013 1278 3080 honore
1301 3014 1392 3082 fruc-

245 3126 318 3202 tum
351 3144 433 3188 esse.
489 3125 668 3208 praeterea
702 3125 814 3188 autem
848 3145 947 3186 unum
982 3119 1253 3189 testimoniorum
1285 3144 1391 3208 genus

194 3277 197 3284 1
245 3232 342 3297 extat
372 3229 460 3317 quod
491 3229 737 3317 antiquioribus
763 3230 972 3316 temporibus
1003 3229 1134 3296 omnino
1166 3228 1238 3297 fere
1260 3229 1391 3297 inaudi-

246 3341 319 3404 tum
353 3337 661 3406 Alexandrinorum
694 3345 808 3406 aetate
850 3345 961 3405 ortum
1003 3346 1145 3406 exeunte
1185 3339 1393 3427 antiquitate

245 3449 345 3535 longe
386 3449 618 3537 praevaleret:
661 3447 886 3535 malignitatis
928 3449 1154 3536 opprobrium.
1208 3470 1288 3516 sane
1325 3473 1394 3517 non

248 3560 404 3642 deerant,
439 3559 496 3647 qui
528 3582 600 3626 eam
622 3558 733 3646 poesis
757 3558 892 3645 generis
916 3559 1103 3626 acerbitate
1127 3558 1392 3646 defenderent8).

317 3787 345 3856 6)
366 3788 436 3841 sicut
462 3785 534 3854 apud
564 3786 692 3838 metricos
720 3785 870 3854 scriptores
898 3787 1084 3841 nobilissimus
1114 3787 1259 3842 multorum
1287 3795 1393 3842 metron

247 3881 477 3948 stropharumque
497 3877 597 3950 εὑρετής
616 3879 741 3933 habetur.
778 3878 805 3933 cl
818 3881 979 3935 Deutickius
999 3881 1016 3934 l.
1031 3881 1047 3935 1.
1068 3882 1211 3948 pra-st.

320 3975 347 4042 7)
367 3973 474 4028 eosdem
495 3972 606 4025 exhibet
627 3973 722 4026 Cicero
742 3990 781 4027 or.
803 3977 833 4025 l:
863 3977 937 4028 ‘aaut
961 3974 992 4027 ia
1014 3974 1103 4042 poetis
1128 3991 1185 4029 aoa
1204 3976 1322 4030 Homero
1340 3975 1394 4031 soli

246 4065 320 4122 locus
340 4073 385 4133 est,
414 4072 445 4120 ut
464 4067 496 4120 de
519 4063 633 4120 Graecis
652 4067 762 4134 loquor,
793 4073 842 4120 out
860 4067 1021 4122 Archilocho
1040 4074 1088 4122 out
1108 4067 1237 4136 Sophocli
1255 4079 1305 4124 out
1322 4070 1391 4124 Pin·

245 4163 327 4222 daro,
357 4161 405 4214 sed
421 4160 516 4216 boram
534 4160 576 4214 vel
594 4161 720 4214 secascdis
745 4161 787 4214 uel
809 4159 887 4224 infra
912 4159 1060 4215 secandos'.
1099 4160 1131 4214 de
1150 4161 1230 4217 finll
1247 4166 1293 4216 115
1314 4164 1399 4240 11οιο11

246 4256 330 4308 Arch.
350 4254 427 4308 Pind.
448 4253 537 4308 affert.
1143 4251 1146 4255 ’

320 4349 348 4416 8)
368 4365 390 4402 e.
410 4365 435 4416 g.
456 4349 540 4404 schol.
561 4348 697 4418 Lycophr.
718 4350 852 4417 psalli:
874 4345 1067 4422 ’ίαμβογροίριον
1087 4349 1112 4403 δὲ
1131 4355 1243 4420 ποιητῶν
1263 4351 1393 4425 γνώρισμα

243 4440 362 4514 λοιδορίαι
395 4442 425 4496 δι’
447 4443 548 4514 ἰάμβων
573 4442 628 4495 κτλ.
652 4442 767 4497 Aristid.
787 4443 962 4498 46113801)
989 4441 1158 4518 (Ἀρχίλοχον)
1186 4446 1212 4505 ὃς
1237 4447 1266 4499 τὸ
1290 4450 1404 4500 πάντων·

246 4535 334 4610 ἔξοχον
353 4538 396 4591 καὶ
414 4537 609 4610 δυσχερέστατον
629 4535 692 4595 εἶδος
711 4543 756 4609 τῆς
774 4539 898 4609 costocus
919 4539 1102 4614 μετεχειρίζετο
1121 4539 1176 4594 κτλ.
