3094 5002
660 414 663 418 ¹
683 321 730 390 45·

222 500 294 570 181.
330 498 520 587 Hesychius
558 499 708 586 glossam
747 497 901 568 servavit
937 500 1118 586 μουνόκερα·
1151 495 1182 562 τὸ
1220 521 1280 582 μη-

135 611 195 676 κέτι
218 609 295 713 ἔχον]
311 609 364 708 τὴν
388 611 491 696 ἀλκὴν,
515 612 556 682 ὡς
579 608 749 698 Ἀρχίλοχος
772 612 968 698 corruptam
990 613 1031 676 ut
1053 606 1208 691 videtur,
1244 605 1280 671 in

136 743 200 810 qua
222 743 330 808 neque
347 721 511 806 μουνύκερα
531 720 674 786 formam
689 718 852 805 intellego
875 741 982 806 neque
1005 717 1086 805 quid
1108 717 1173 784 sibi
1195 715 1281 784 velit

10 837 11 846 ’
136 831 168 896 τὸ
182 871 222 880 -
236 830 304 918 ἔχον
323 833 453 898 certum
476 833 538 896 est.
575 833 689 896 tamen
712 835 772 896 aut
788 828 891 896 fallor
915 833 975 896 aut
998 828 1033 894 in
1056 849 1095 894 ea
1110 827 1199 894 latet
1221 848 1279 892 no-

137 967 211 1010 men
233 942 377 1009 Acheloi
410 964 508 1029 quem
538 945 628 1009 teste
657 940 759 1007 schol.
774 939 871 1028 (Ven.
884 940 927 1027 B)
940 941 968 1003 ‹1›
981 940 1044 1006 237
1057 938 1281 1006 Archilochus

136 1053 181 1140 (fr
196 1053 271 1138 147)
294 1052 494 1119 induxerat:
525 1050 695 1138 Ἀρχίλοχος
719 1050 771 1136 μὲν
795 1051 848 1115 οὐκ
871 1051 1034 1136 ἐτόλμησεν
1057 1047 1215 1135 Ἀχελῶιον
1239 1051 1281 1120 ὡς

138 1160 270 1247 ποταμὸν
290 1159 440 1248 Ἡρακλεῖ
463 1163 625 1248 συμβαλεῖν
660 1161 724 1226 ἀλλ’
760 1163 800 1232 ὡς
832 1165 948 1246 ταῦρον.
994 1159 1175 1226 Herculem
1209 1180 1283 1223 cum

137 1270 285 1338 Acheloo
308 1275 515 1360 pugnantem
549 1270 580 1338 ei
610 1270 756 1338 alterum
789 1292 894 1336 cornu
924 1267 1132 1354 confregisse
1165 1266 1283 1334 fabula

137 1384 352 1466 narrabatur,
377 1381 429 1450 ita
452 1384 491 1448 ut
513 1380 581 1447 iam
603 1380 662 1447 ille
686 1379 850 1448 resistere
873 1403 940 1448 non
961 1382 1087 1467 posset.

550 1739 668 1795 CAPVT
688 1738 875 1807 QVARTVM.

410 1923 473 1990 DE
497 1921 715 1989 Daaacrv
740 1919 1011 1989 VERBORVM.

227 2139 269 2206 In
290 2138 352 2206 hoc
381 2139 500 2228 capite,
531 2162 603 2206 curn
635 2138 676 2206 de
701 2138 835 2206 delectu
857 2140 1038 2206 verborum
1060 2135 1284 2204 Archilochon

142 2229 243 2336 agere
266 2248 434 2315 inanimo
457 2250 512 2333 sit,
538 2272 609 2316 ram
631 2249 760 2316 adimus
785 2270 984 2335 quamquam
1007 2247 1204 2335 quaestione
1227 2245 1284 2312 ad·

142 2356 274 2425 modum
297 2357 440 2444 dignam,
465 2362 579 2426 tamen
602 2358 710 2426 adhuc
732 2361 842 2425 totam
865 2358 939 2425 iere
961 2358 1159 2444 neglectam.
1200 2377 1285 2442 quae

141 2470 179 2532 ut
209 2465 423 2554 expediatur,
461 2468 649 2556 complures
683 2471 801 2555 partes
837 2467 946 2534 statui
975 2490 1110 2536 necesse
1143 2469 1205 2533 est.
1251 2464 1287 2530 in

11 2621 21 2650 ,
139 2574 254 2662 priore
277 2575 467 2660 videamus,
504 2599 666 2664 quasnam
689 2600 788 2645 voces
812 2581 848 2644 et
868 2577 996 2664 figuras
1031 2577 1141 2665 spicas
1165 2574 1285 2641 Archi·

139 2682 254 2751 lochus
278 2686 448 2773 receperit
471 2708 553 2772 quas
578 2686 619 2754 de
644 2710 703 2754 suo
726 2687 961 2755 immutaverit
993 2708 1076 2774 quas
1109 2705 1214 2752 novas
1238 2683 1287 2750 in·

140 2792 294 2878 duxerit;
325 2793 388 2860 hac
411 2794 468 2862 via
491 2794 618 2862 certius
634 2796 807 2882 cognitum
830 2795 875 2861 iri
891 2817 1064 2883 speramus
1088 2818 1154 2860 non
1178 2794 1285 2860 solum

138 2901 316 2989 inquibus
347 2907 424 2970 tota
447 2903 647 2971 Archilochi
673 2909 768 2972 aetas
803 2904 962 2993 loquendi
994 2927 1057 2970 usu
1091 2908 1127 2971 et
1150 2901 1287 2970 vivendi

141 3012 273 3080 ratione
305 3015 347 3079 ab
370 3015 518 3081 Homero
550 3014 706 3098 differat,
743 3014 802 3082 sed
833 3015 936 3083 etiam
958 3012 1181 3081 Archilochus
1214 3011 1287 3100 ipse

141 3142 206 3207 qua
229 3124 305 3188 arte
340 3121 453 3209 spicae
485 3123 596 3209 poesis
620 3122 808 3210 exemplum
832 3132 966 3191 secutus
999 3122 1046 3190 sit
1077 3126 1137 3189 aut
1170 3123 1212 3187 ab
1247 3143 1285 3188 eo

140 3226 331 3293 recesserit.
411 3228 446 3294 in
469 3228 582 3296 altera
603 3231 703 3315 parte
726 3251 812 3316 quae
836 3229 876 3296 de
900 3228 996 3318 copia
1012 3228 1192 3295 verborum
1214 3247 1287 3292 cum

11 3373 23 3405 ι
139 3336 347 3422 quorundam
370 3338 539 3426 epicorum
560 3342 633 3407 tum
657 3339 883 3406 recentiorum
900 3337 1124 3405 Archilochea
1147 3335 1287 3402 dicenda

140 3446 219 3511 sunt
241 3443 402 3514 invenies.

693 3650 736 3720 A.

226 3773 376 3844 Primum
419 3777 526 3866 igitur
559 3777 758 3847 Archilochi
794 3777 960 3846 delectum
1000 3779 1181 3848 verborum
1214 3798 1287 3848 cum

141 3885 234 3974 spica
256 3887 350 3974 poesi
373 3889 605 3972 conferamus,
640 3894 679 3956 ut
702 3893 864 3976 quantum
887 3888 1020 3975 quidem
1042 3889 1077 3956 in
1099 3890 1161 3955 hac
1184 3894 1288 3957 mata-

139 3995 210 4064 riae
233 3996 380 4064 fortuito
397 3999 549 4067 traditae
574 3999 730 4066 exilitate
748 4019 933 4087 possumus,
951 3998 1109 4064 iudicium
1126 4000 1287 4066 faciamus

118 4104 179 4172 “de
202 4106 537 4176 totoArchilocheae
561 4109 686 4176 aetatis
710 4109 813 4192 cultu,
837 4112 1018 4197 praeterea
1048 4107 1087 4172 de
1110 4108 1198 4174 artis
1221 4110 1288 4175 Ar-

139 4214 280 4283 chilochi
312 4221 412 4305 parte
441 4241 653 4306 nequaquam
684 4218 905 4306 despicienda.
951 4222 1093 4304 propter
1119 4208 1289 4285 'materiae
1391 4297 1394 4302 Δ

138 4325 342 4394 tenuitatem
376 4328 671 4415 quaestiunculam
705 4351 771 4395 non
806 4326 985 4394 secundum
1018 4325 1129 4413 poesis
1163 4349 1289 4412 genera

139 4433 367 4522 discernimus,
392 4460 434 4504 ne
450 4436 602 4505 disiectis
626 4437 727 4505 rebus
752 4437 843 4506 inter
867 4459 903 4504 se
926 4435 1290 4524 cognatissimis-quae-

13 4555 14 4558 ’
139 4543 204 4614 stio
229 4548 399 4615 turbetur.
447 4551 567 4616 contra
600 4547 744 4617 maiores
778 4571 899 4620 vocum
931 4551 967 4615 et
1000 4568 1115 4614 rerum
1138 4546 1291 4614 affinium
