3094 5002
719 325 760 394 21

258 498 315 566 Ita
337 500 451 587 magni
472 503 593 588 poetae
616 499 708 566 cuius
732 499 881 568 carmina
903 501 961 569 vix
977 502 1179 588 legebantur
1194 524 1317 569 nomen·

172 630 232 694 por
255 613 452 695 vergentem
468 609 708 698 antiquitatem
724 610 910 678 ferebatur.
957 613 993 677 et
1008 633 1164 697 magnum
1179 614 1315 698 poetam

174 739 247 790 eum
271 718 377 786 fuisse
399 723 435 786 et
456 741 597 806 gravem
620 718 894 786 calumniatorem
927 742 948 787 a
978 720 1149 808 prioribus
1183 721 1315 808 posteri

172 826 356 896 discebant.
402 852 467 917 quo
491 830 709 910 factumest,
739 832 779 895 ut
801 829 845 896 ad
867 832 988 896 nostra
1018 833 1173 917 tempora
1195 830 1315 917 depra-

171 939 253 1004 vata
268 937 464 1004 Archilochi
485 938 596 1025 imago
619 937 827 1022 traderetur,
852 938 956 1006 donoc
972 938 1173 1007 Welokerus
1197 961 1314 1007 verum

171 1044 242 1113 eins
266 1046 424 1136 cognovit
446 1047 625 1137 ingenium.

582 1453 700 1508 CAPVT
720 1453 895 1507 TERTIVM.

378 1632 881 1702 COMMENTATIVNOVLA
905 1632 1105 1700 CRITICA.

256 1847 343 1912 Eum
372 1849 429 1936 qui
451 1849 647 1916 Archilochi
670 1850 818 1917 carmina
850 1874 930 1918 vere
962 1851 1163 1937 intellegere
1194 1848 1311 1916 studet

171 1958 274 2026 etiarn
297 1959 332 2025 id
355 1957 523 2046 respicere
548 1962 694 2048 oportet,
718 1958 880 2046 quomodo
905 1982 965 2047 per
983 1957 1222 2046 antiquitatem
1242 1963 1313 2022 tra·
1355 2025 1358 2030 Δ

171 2065 244 2132 dita
267 2065 345 2132 sint.
391 2066 520 2154 quade
543 2089 581 2132 re
603 2066 756 2154 quamvis
779 2066 891 2133 tenuis
914 2066 999 2132 fluat
1014 2065 1183 2147 memoria,
1207 2064 1259 2130 ita
1274 2067 1313 2130 ut

169 2173 277 2261 magis
301 2175 508 2261 singularum
530 2176 700 2242 efficiatur
719 2175 901 2263 imaginum
917 2175 1022 2242 series
1041 2197 1138 2262 quam
1154 2173 1312 2240 continua

171 2283 371 2390 descriptio,
395 2290 509 2350 tamen
530 2283 743 2350 adumbratio
766 2283 1017 2371 qualiscumque
1041 2281 1190 2347 conanda
1213 2283 1275 2346 cst.
1348 2343 1350 2348 .

257 2388 432 2460 Neminem
454 2388 611 2455 dubitare
634 2393 733 2475 puto,
762 2388 842 2476 quin
865 2392 966 2475 poeta
988 2387 1060 2475 ipse
1083 2387 1218 2474 singula
1241 2409 1312 2453 car·

170 2489 260 2564 mina
295 2496 425 2564 litteris
457 2496 685 2579 mandaverit;
728 2496 830 2562 etiam
863 2495 899 2562 id
930 2494 1065 2562 constat
1098 2496 1208 2562 omnia
1239 2495 1312 2562 fere

171 2599 283 2693 poesis
306 2625 432 2691 genera
455 2603 602 2670 vetustis
626 2603 834 2690 temporibus
861 2603 1074 2670 audientibus
1105 2624 1172 2668 non
1200 2601 1313 2688 legen-

171 2712 262 2780 tibus
286 2711 459 2779 destinata
481 2712 605 2778 fuisse:
640 2711 786 2807 plurima
808 2711 1005 2778 Archilochi
1028 2717 1185 2800 poemata
1208 2710 1311 2777 certis

171 2821 399 2889 occasionibus
423 2819 588 2907 adaptata
611 2841 684 2885 esse
706 2819 910 2901 invenimus,
943 2822 982 2885 ut
1015 2819 1050 2885 in
1080 2820 1156 2885 foro
1179 2819 1215 2884 in
1238 2839 1312 2883 con·

171 2929 272 2998 viviis
304 2928 396 2995 inter
426 2926 548 2994 cuncos
566 2926 736 3014 'civesque
766 2926 1005 2993 recitarentur.
1064 2948 1163 3019 saepe
1193 2933 1313 3017 poetae
1417 3003 1419 3008 ,

171 3037 347 3104 consilium
368 3035 435 3103 fuit
457 3034 584 3103 animos
610 3057 746 3100 suorum
770 3034 838 3102 suis
862 3035 1017 3102 versibus
1046 3037 1201 3124 regendi;
1234 3060 1313 3125 quo·

171 3145 267 3212 modo
291 3144 381 3211 cives
405 3143 553 3210 carmina
576 3143 747 3234 descripta
769 3167 830 3231 per
852 3145 969 3211 urbem
992 3145 1153 3229 tulerint,
1184 3146 1219 3212 in
1242 3145 1313 3234 qui-

171 3255 232 3320 bus
256 3275 340 3341 quae
363 3252 490 3319 animos
514 3251 695 3340 plurimum
717 3254 897 3320 movebant
920 3252 1057 3340 egregie
1081 3277 1241 3343 expressa
1264 3253 1312 3321 in·

170 3361 336 3444 renirent,
362 3383 459 3449 quam
482 3361 641 3429 celeriter
658 3361 783 3449 singuli
800 3385 918 3430 versus
937 3363 995 3450 qui
1010 3368 1153 3451 propter
1170 3364 1313 3430 formam

171 3469 330 3537 facillime
354 3469 472 3538 animis
497 3473 702 3538 tenebantur
725 3494 787 3558 per
811 3469 956 3536 omnium
985 3493 1046 3537 ora
1076 3471 1311 3557 migraverint,

171 3601 369 3668 quamquam
391 3579 520 3645 nullum
543 3580 584 3646 de
607 3602 647 3648 ea
669 3603 705 3646 re
728 3579 958 3646 testimonium
974 3579 1131 3648 relictum
1150 3583 1213 3660 est,
1238 3602 1312 3646 con-

169 3686 301 3753 iectura
323 3687 564 3775 quodammodo
588 3687 746 3775 consequi
766 3687 856 3754 licet.
946 3689 1137 3776 posteriore
1160 3691 1312 3779 tempore

172 3793 394 3862 Archilochus
411 3795 500 3862 siout
519 3795 633 3862 eodem
656 3795 781 3862 honore
805 3794 926 3882 dignus
949 3798 1136 3883 putabatur
1154 3797 1312 3876 Homero,

172 3902 287 3970 eodem
319 3903 416 3970 modo
448 3926 510 3992 per
545 3925 605 3971 ora
632 3903 801 3970 hominum
828 3903 1023 3971 ferebatur:
1060 3903 1221 3995 rhapsodi
1241 3927 1313 3971 car·

170 4010 260 4077 mina
289 4009 360 4077 eius
396 4019 597 4099 receperunt
631 4011 806 4079 recitanda
816 4011 850 4095 1).
907 4034 1006 4099 quam
1040 3999 1323 4079 consuetudinem

172 4120 274 4188 ctiam
306 4118 552 4187 vetustioribus
566 4214 572 4222 ,
587 4119 795 4208 temporibus
831 4119 987 4186 extitisse
1020 4119 1093 4186 iure
1124 4117 1312 4185 conicimus

170 4249 247 4293 nam
269 4225 413 4314 primum
436 4229 566 4293 certum
588 4225 819 4293 testimonium
843 4225 993 4294 ostendit
1015 4248 1089 4292 eum
1104 4251 1200 4293 usum
1216 4231 1313 4296 sexto

171 4336 304 4403 saeculo
332 4333 496 4403 valuisse:
521 4332 718 4402 Heraclitus
743 4332 910 4421 Ephesius
933 4333 968 4400 fr
981 4333 1044 4400 119
1060 4334 1157 4420 Byw.
1177 4333 1225 4416 (cf
1238 4335 1315 4418 111)

173 4478 379 4491 —q

246 4540 272 4608 l)
291 4537 319 4592 el
329 4537 363 4594 E.
371 4537 466 4612 Meyer
478 4537 569 4608 gorch.
580 4537 605 4593 d.
617 4537 664 4594 alt.
675 4537 702 4592 Il
714 4537 731 4610 ἓ
743 4535 804 4594 372.
824 4537 936 4596 Orosius
953 4552 997 4610 sp.
1008 4537 1183 4595 Paul-Wiss.
1205 4539 1231 4592 11
1249 4540 1310 4595 505.

1531 4559 1534 4638 l
