3094 5002
735 341 779 408 49

175 507 266 597 Ἄρης
292 515 390 597 μῶλον
414 506 548 600 ουνάρηι.
580 515 756 603 epitheton
787 516 818 583 ei
840 516 1008 585 tribuitur
1037 520 1191 606 μιαιφόνος
1216 514 1326 603 Ε844,

177 616 306 684 milites
339 618 498 687 dicuntur
532 619 591 694 υἷες
622 619 730 708 Ἄρηος
763 621 868 688 8512
900 623 969 691 182
1006 626 1052 708 (of
1072 625 1174 693 N519
1208 625 1324 712 o474)

175 723 263 792 uude
286 724 368 794 item
390 728 614 795 Archilochus
638 729 751 797 effecit
775 752 874 796 unam
896 731 1039 817 figuram
1062 732 1105 799 48
1127 735 1208 798 παῖδ’
1226 732 1322 820 'Apso

178 836 339 922 μιηφόνου.
377 836 446 904 alia
461 838 571 925 figura
595 831 735 925 θεράπων
752 838 918 906 Ἐνυαλίοιο
934 840 1058 915 ἄνακτος
1076 840 1107 912 1ι
1126 843 1161 910 in
1176 842 1325 910 Homero

171 964 238 1010 non
272 942 455 1029 invenitur,
486 967 686 1035 quamquam
718 946 889 1014 simillima
914 942 1091 1035 θεράποντες
1103 949 1210 1038 Ἄρηος
1234 950 1322 1019 Ζ67.

174 1058 285 1122 totam
311 1053 514 1122 sententiam
537 1054 749 1122 Homericam
780 1063 915 1124 veteres
950 1056 1109 1126 viderunt
1138 1061 1180 1126 ab
1203 1058 1326 1126 Archi·

175 1163 271 1234 loeho
304 1168 475 1254 receptam
507 1188 601 1249 esse,
636 1165 693 1254 qui
727 1166 906 1234 seeundum
936 1190 1071 1234 versum
1101 1168 1197 1235 illum
1219 1169 1324 1236 2309

177 1273 258 1348 ξυνὸς
292 1267 447 1347 Ἐνυάλιος
481 1275 532 1338 καί
567 1299 599 1339 τε
633 1275 795 1341 κτανέοντα
825 1276 954 1340 κατέκτα
991 1276 1072 1346 haee
1108 1277 1244 1346 exhibet
1279 1277 1321 1345 62

174 1433 182 1453 .
208 1435 216 1452 .
241 1436 250 1452 .
275 1436 282 1450 .
306 1385 450 1471 ἐτήτυμον
473 1382 529 1472 γὰρ
553 1384 644 1458 ιξυνὸς
675 1387 858 1472 άνθρόιποια
876 1383 996 1473 Ἄρηός
1030 1386 1180 1455 fortasse
1215 1388 1319 1455 verbo

177 1495 323 1581 ἐτήτυμον
346 1494 390 1561 ad
411 1494 551 1562 Homeri
573 1496 679 1562 verba
708 1494 780 1582 ipse
814 1495 955 1565 alludit:
989 1499 1116 1565 ‘verum
1148 1500 1201 1565 est
1230 1496 1318 1564 illud

176 1604 317 1671 Homeri
339 1603 466 1674 dietum
489 1604 545 1673 ..’.
583 1604 755 1672 Vulcanus
784 1605 895 1693 ignem
928 1604 1038 1695 ipsum
1073 1606 1243 1693 significat
1277 1607 1318 1672 16

171 1737 238 1781 non
262 1712 334 1782 sine
357 1713 497 1781 audacia
518 1713 562 1780 ad
581 1714 719 1781 Homeri
743 1715 929 1803 exemplum
953 1714 1058 1783 3426
1082 1716 1130 1802 (of
1142 1715 1317 1783 Prellerus

174 1824 297 1891 Gricch.
332 1824 527 1908 Mytlaolopie
557 1822 589 1889 1⁴
605 1823 690 1906 182).
741 1825 914 1891 Musarum
952 1846 1091 1894 munera
1127 1825 1217 1914 apud
1249 1825 1317 1892 Ho-

171 1955 300 2000 merum
333 1933 395 2000 hoo
430 1932 562 2000 nomine
602 1955 669 1999 non
691 1936 852 2018 utuntur,
883 1935 949 2002 etsi
973 1938 1058 2022 δῶρα
1081 1936 1160 2000 θεῶν
1184 1934 1319 2022 saepius

170 2041 405 2127 inveniuntur;
442 2041 592 2130 epitheto
631 2047 797 2111 exornata
831 2044 946 2112 eadem
982 2065 1049 2113 vox
1081 2044 1210 2133 legitur
1240 2044 1317 2111 Γ64

173 2155 257 2239 δῶρα
291 2149 383 2239 ἐρατὰ
408 2149 593 2241 Ἀφροδίτης.
626 2174 731 2239 quare
760 2153 856 2222 iuvat
879 2153 1063 2222 Hesiodum
1097 2152 1231 2237 addere,
1266 2154 1319 2220 oui

172 2266 350 2350 poetarum
372 2284 429 2329 ars
454 2262 515 2328 Th.
540 2263 581 2328 93
605 2268 659 2331 est
684 2262 837 2329 Μουσάων
862 2266 957 2346 δόσις,
994 2264 1058 2331 103
1089 2267 1172 2329 δῶα
1206 2264 1317 2346 θεάων,

173 2393 193 2440 a
217 2393 282 2461 qua
304 2372 416 2459 figura
437 2370 552 2459 paullo
577 2371 689 2439 ultera
712 2372 830 2441 differt
853 2396 938 2462 quae
962 2378 1015 2442 est
1045 2371 1193 2460 (ἀοιδοὺς)
1220 2373 1315 2438 hloao'

174 2481 291 2554 ἐδίδαξε
323 2481 506 2548 θ481488
538 2482 573 2548 of
585 2482 665 2550 Hes,
683 2483 744 2550 Th.
760 2483 802 2549 22
826 2483 863 2549 Ο.
881 2484 961 2569 6623
994 2489 1172 2573 utramque
1198 2483 1318 2551 Archi·

172 2591 288 2660 loahus
311 2590 485 2678 coniungit
509 2591 542 2661 1ο

298 2699 347 2766 καὶ
372 2699 519 2766 Μουσέων
544 2700 648 2788 ἐρατόν
673 2704 768 2790 δῶρον
792 2701 1002 2788 ἐπιατοίρενοςτ

170 2814 268 2900 patet
290 2810 399 2899 igitur
422 2810 516 2877 illam
540 2809 672 2876 Μουσῶν
704 2815 798 2898 δῶρον
828 2812 911 2880 adeo
943 2834 964 2878 a
992 2811 1139 2900 genuina
1170 2833 1209 2879 ao
1238 2831 1314 2900 pro·

169 2921 246 3011 pria
277 2920 415 2988 notione
449 2919 643 3005 deflexisse,
676 2927 714 2990 ut
743 2922 843 3010 plane
874 2921 1012 2992 diversa
1037 2921 1132 2989 notio
1155 2922 1317 3008 ἐπίσταμαι

172 3055 247 3100 cum
270 3053 309 3100 aa
332 3030 488 3118 coniungi
510 3035 627 3121 posset
639 3030 672 3115 τ).

259 3141 314 3208 Ab
345 3139 458 3208 altera
484 3145 584 3228 parte
607 3140 715 3208 multa
738 3138 956 3208 inveniuntur
983 3162 1088 3226 nova,
1122 3140 1194 3210 sive
1217 3148 1318 3211 aucta

167 3250 299 3318 dicendi
321 3250 491 3318 facilitate
515 3254 653 3318 vetusta
675 3272 762 3320 novo
785 3250 882 3317 modo
908 3251 1096 3340 exprimere
1118 3251 1216 3320 licuit
1245 3251 1319 3320 sive

168 3382 276 3430 novae
304 3382 359 3427 res
392 3360 488 3428 novis
519 3360 707 3428 nominibus
739 3362 935 3427 utebantur.
981 3385 1122 3450 quorum
1151 3361 1315 3450 quaedam

168 3469 359 3538 enumerari
389 3493 524 3538 neeesse
557 3474 619 3538 est.
665 3469 790 3557 Apollo
813 3471 960 3537 Homero
992 3475 1046 3539 est
1072 3470 1142 3544 άναξ
1173 3471 1315 3558 ἑκάεργος

170 3577 329 3661 Ἀπόλλων,
354 3579 411 3667 qui
433 3579 513 3648 telis
538 3579 606 3647 suis
631 3580 778 3646 homines
808 3580 938 3667 perdit;
970 3580 1086 3668 itaque
1108 3579 1315 3649 Melanthius

174 3688 409 3756 Telemachum
432 3689 549 3776 9251,
582 3687 750 3777 Penelope
773 3688 960 3758 Antinoum
993 3694 1215 3759 exsecrantur
1243 3689 1315 3759 eius

171 3798 304 3866 nomine
328 3798 441 3890 ascito

264 3909 353 3995 prol
379 3907 411 3973 οἵ
431 3905 488 3995 γάρ
511 3905 690 3996 Τηλέμαχον
715 3908 801 3996 βάλοι
825 3909 1018 3995 ἀργυρότοξος
1041 3901 1199 3975 Ἀπόλλων

167 4047 170 4056 ’
260 4018 352 4105 ρ4θ4
376 4016 437 4083 αἴθ’
462 4017 556 4091 οὕτως
580 4018 668 4083 αὐτόν
692 4042 726 4082 σε
750 4016 837 4106 βάλοι
858 4020 1029 4089 κλυτότοξος
1051 4012 1220 4087 Ἀπόλλων.

170 4134 296 4226 quanto
320 4127 552 4197 vehementius
577 4129 618 4194 ab
642 4127 845 4197 Archilocho
868 4127 1073 4216 imploratur

311 4240 353 4306 27
377 4237 451 4319 ἄναξ
469 4236 624 4319 Ἄπολλον,
647 4236 700 4302 καὶ
722 4237 756 4302 σὺ
780 4236 847 4312 τοὺς
872 4236 923 4323 μὲν
947 4235 1058 4310 αἰτίους

373 4350 500 4434 σήμαινε
522 4347 573 4412 καί
596 4373 690 4435 σφεας
714 4347 793 4412 όλλυ’
819 4351 920 4435 ὥσπερ
944 4346 1070 4420 ὀλλόεις.

169 4489 377 4500 ψ...-

230 4571 263 4642 ¹7)
282 4567 504 4641 ermogenes
516 4587 556 4642 sq.
1047 4656 1069 4730 4
