3094 5002
746 343 793 412 :11

193 515 342 600 ohilooho
376 520 450 610 ipso
483 522 650 588 haustum.
702 519 739 587 in
770 519 823 588 his
861 517 970 608 igitur
1008 540 1108 609 quam
1146 513 1336 589 certissimo

193 631 321 698 utimur
344 631 573 698 fundamento.

282 740 332 805 De
355 738 552 805 Archilochi
581 738 655 806 vita
684 761 726 805 ne
757 738 878 824 longus
914 737 977 804 sim
1007 740 1090 803 nota
1121 759 1188 803 non
1210 741 1340 825 repeto.

193 847 276 914 Pari
299 872 374 915 eum
395 855 565 915 mortuum
588 871 662 916 esse
678 847 851 914 Olliuellor
867 845 941 914 iure
958 846 1122 915 conclusit
1141 869 1183 914 ex
1203 846 1339 915 oraculo

193 955 254 1023 illo
278 957 367 1045 quod
382 957 542 1024 Coracem
557 955 703 1025 Naxium
718 956 975 1024 interfectorem
996 955 1066 1024 eius
1090 955 1196 1024 fuisse
1218 955 1339 1024 tradit.

194 1063 287 1130 cuius
310 1065 498 1131 auotoritas
522 1063 734 1153 comprobari
756 1063 893 1132 videtur
917 1088 959 1131 ex
972 1064 1219 1132 Alcidamantis
1242 1063 1341 1131 testi·

195 1171 305 1238 monio
340 1172 519 1239 secundum
552 1195 649 1260 quem
677 1171 919 1239 Archilochum
952 1171 1041 1260 apud
1072 1172 1192 1240 Parios
1227 1171 1340 1239 herois

195 1273 377 1348 honoribus
399 1280 547 1348 fructum
571 1303 644 1348 esse
667 1287 769 1347 antea
790 1279 944 1346 vidimus.
1078 1303 1163 1369 quae
1192 1279 1341 1348 carmina

196 1389 322 1455 Thasia
351 1411 435 1477 quae
457 1390 561 1456 Paria
589 1388 741 1457 habenda
772 1388 842 1456 sint
864 1387 1015 1455 invenies
1046 1411 1120 1455 cum
1142 1388 1232 1477 apud
1254 1387 1339 1457 alios

195 1499 266 1563 turn
290 1499 325 1562 in
348 1498 462 1565 Orusii
483 1498 680 1565 collectione
702 1498 805 1585 pesa
822 1520 900 1586 sqq;
937 1497 1071 1566 Thasiis
1096 1521 1137 1564 ex
1162 1497 1339 1564 Plutarchi

194 1607 388 1673 testimonio
404 1607 445 1672 de
460 1607 636 1695 tranquill.
650 1629 701 1674 an.
716 1607 758 1672 10
773 1607 807 1672 fr
819 1607 862 1673 25
885 1605 1072 1672 addendum
1091 1612 1145 1674 est
1157 1607 1196 1694 ²⁸)
1205 1630 1212 1690 ;
1237 1606 1340 1673 etiam

196 1715 307 1782 nobile
323 1715 409 1782 illud
425 1737 559 1782 carmen
573 1715 607 1781 ir
623 1717 666 1781 74
688 1715 872 1783 verisimile
890 1721 943 1782 est
960 1715 1065 1783 Thasi
1080 1724 1192 1783 ortum
1208 1738 1281 1783 esse
1292 1715 1341 1801 ²⁹).

198 1823 345 1892 Glaucus
369 1826 427 1915 qui
449 1825 483 1890 in
506 1825 541 1891 fr
556 1827 600 1892 54
622 1825 658 1890 in
674 1825 820 1891 Thracia
836 1831 913 1892 orto
927 1824 1126 1892 ‘nominatur
1149 1848 1222 1892 oum
1244 1846 1341 1913 prae·

195 1935 293 2000 terea
315 1933 350 1998 in
373 1935 406 1999 fr
430 1936 472 2000 57
495 1936 538 2000 70
569 1934 777 2016 inveniatur,
809 1933 911 2000 etiam
933 1934 1015 2000 haec
1036 1932 1089 1999 illi
1111 1933 1258 2021 tempori
1279 1932 1342 2000 tri·

195 2043 303 2124 huam,
327 2041 393 2108 nisi
415 2043 507 2109 forte
531 2042 679 2110 Glaucus
702 2042 761 2109 ille
784 2041 867 2108 alibi
889 2063 962 2108 oum
984 2041 1188 2109 Archilocho
1211 2042 1289 2109 fuit.

282 2151 408 2217 Restat
430 2154 469 2218 ut
491 2151 631 2219 incertis
647 2150 846 2240 quibusdam
865 2148 1000 2218 silentio
1023 2149 1276 2239 praetermissis
1299 2149 1341 2222 de

195 2260 315 2327 ultima
338 2260 431 2328 vitae
463 2267 563 2348 parte
593 2282 701 2348 pauca
723 2260 840 2326 dicam.
887 2282 971 2348 quae
1002 2259 1043 2326 de
1073 2281 1114 2326 ea
1136 2258 1277 2327 sciamus
1302 2260 1341 2329 Ο.

195 2369 379 2436 Muellerus
403 2369 528 2457 optime
546 2369 702 2456 exposuit
719 2368 879 2437 tacendo:
903 2391 989 2457 quae
1017 2372 1137 2456 postea
1160 2367 1228 2434 viri
1249 2368 1341 2436 docti

195 2476 398 2543 addiderunt
421 2499 543 2544 vereor
566 2481 606 2545 ut
627 2480 710 2544 bene
735 2499 770 2543 se
794 2477 949 2544 habeant.
995 2498 1072 2541 nam
1089 2475 1340 2564 quodBerglrio

194 2584 226 2650 h.
240 2583 375 2670 littgr.
389 2585 501 2650 11184
531 2585 651 2651 Crusio
681 2584 758 2652 aliis
787 2607 986 2671 persuasum
1018 2587 1072 2651 ost
1094 2587 1230 2672 poetam
1251 2585 1340 2652 bello

196 2691 507 2761 aOhaloidensibus
532 2697 650 2762 contra
666 2692 841 2761 Eretriam
863 2701 961 2784 gesto
985 2694 1183 2762 interfuisse
1206 2694 1341 2762 concedi

266 2965 312 3032 28)
331 2963 385 3017 fr2
404 2963 476 3032 quod
490 2971 605 3033 propter
617 2966 683 3019 οἶνον
701 2949 843 3038 ’Ϊσμαρικόν
862 2965 1009 3020 Thraciam
1028 2964 1300 3044 ostenditoriginem
1320 2980 1336 3019 a

194 3055 333 3124 plerisque
359 3070 412 3107 non
439 3063 513 3108 recte
539 3055 722 3124 intellegitur:
749 3073 802 3109 non
829 3055 1010 3114 Archilochus
1037 3056 1104 3109 dicit
1130 3070 1200 3123 quae
1219 3055 1339 3125 Hybrias
1401 3057 1404 3062 '

194 3148 259 3202 scol.
280 3151 314 3200 28
333 3148 383 3200 ἔστι
403 3166 446 3218 μοι
464 3148 571 3207 πλοῦτος
591 3151 667 3220 μέγας
686 3149 757 3221 ddpo:
778 3149 821 3203 cui
841 3148 1007 3204 contradicit
1025 3156 1053 3204 et
1072 3151 1104 3202 ἐν
1123 3149 1177 3223 δορί
1195 3156 1223 3202 et
1243 3165 1340 3202 nomen

194 3241 249 3294 vini
269 3241 390 3295 additum
418 3251 445 3295 et
469 3242 534 3295 πίνω
552 3241 613 3296 δ’ἐν
632 3244 707 3316 δορὶ
725 3245 879 3315 κεκλιμένος.
917 3245 997 3299 immo
1025 3244 1168 3312 imaginem
1197 3245 1341 3311 proposuit

195 3335 290 3388 militis
309 3334 470 3389 excubantis
490 3338 532 3390 oui
554 3338 651 3405 quibus
671 3353 740 3406 opus
759 3348 802 3392 est
821 3338 856 3394 ab
875 3339 957 3393 hasta
975 3338 1111 3406 pendent:
1131 3337 1188 3392 οὐδὲ
1207 3339 1255 3409 γὰρΙ
1268 3337 1341 3410 ἡμεῖς

193 3429 280 3500 νήφειν
299 3429 325 3481 ἐν
345 3429 457 3500 φυλακῆι
474 3429 543 3502 τῆιδι
563 3429 732 3503 δυνησόμεθα.

267 3522 314 3590 29)
332 3520 365 3575 de
384 3538 416 3575 eo
436 3530 581 3591 postquam
601 3523 772 3593 Oppolaerus
792 3526 819 3579 in
839 3535 892 3580 act.
912 3541 967 3581 soc.
988 3525 1071 3581 Viud.
1090 3526 1173 3579 math.
1193 3525 1341 3581 cl.v0186

194 3615 283 3690 11790
306 3615 492 3682 quaestionem
519 3615 659 3670 incohavit
678 3617 850 3672 Schwarzius
880 3617 916 3672 ib.
936 3618 1069 3672 8711763
1098 3633 1190 3672 omnes
1219 3618 1341 3680 defectus

193 3708 269 3762 intra
294 3723 380 3763 annos
400 3711 452 3762 708
471 3718 498 3762 et
518 3711 569 3764 633
590 3711 617 3762 in
637 3711 706 3764 mari
726 3714 836 3778 Aegaeo
862 3713 935 3766 visos
962 3710 1108 3779 congessit.
1147 3711 1194 3779 qui
1221 3711 1341 3766 fortasse

194 3802 276 3855 etiam
296 3817 342 3855 eos
362 3801 391 3855 in
410 3817 517 3856 censum
545 3804 637 3856 venire
656 3811 737 3873 putat
763 3804 808 3872 qui
829 3819 901 3858 anno
920 3807 972 3859 657
992 3803 1211 3860 m.Iun.15.die
1234 3803 1341 3860 duabus

194 3891 251 3948 iere
270 3902 334 3948 ante
353 3895 492 3950 meridiem
512 3896 588 3951 horis
609 3903 636 3952 et
657 3913 728 3953 anno
741 3899 790 3952 661
812 3913 845 3950 ns.
859 3899 918 3952 lun.
932 3901 975 3952 28.
988 3897 1032 3952 die
1050 3905 1181 3966 quattuor
1200 3898 1259 3953 fers
1277 3907 1341 3968 post

193 3987 331 4042 meridiem
351 3988 428 4044 horis
447 3999 653 4056 apparuerunt,
672 4006 835 4060 quamquam
854 3993 882 4046 in
905 3993 998 4060 priore
1017 4007 1105 4062 nequa
1123 3992 1234 4048 Thasiis
1254 4009 1341 4062 neque

193 4080 298 4146 Pariis,
327 4082 353 4133 in
382 4081 471 4136 altero
500 4098 632 4152 nusquam
660 4090 797 4137 terrarum
823 4091 897 4138 totus
924 4085 965 4138 sol
991 4084 1105 4138 defecit:
1136 4091 1251 4151 propter
1270 4085 1341 4138 hane

192 4168 302 4228 oausam
322 4161 387 4227 mihi
413 4175 520 4242 quidem
548 4177 622 4246 (nam
642 4176 728 4231 verba
746 4174 836 4228 νύκτ’
855 4175 948 4249 ἔθηκεν
967 4177 1168 4249 ἀποκρὺψας
1187 4180 1251 4250 φάος
1268 4178 1341 4250 ἡλίου

191 4273 278 4320 totum
305 4266 389 4320 solem
416 4265 591 4321 obscurarum
619 4283 680 4322 esse
709 4267 843 4338 indicant)
871 4269 1002 4323 reiciendi
1029 4270 1162 4323 videntur.
1199 4285 1233 4323 ne
1260 4272 1287 4323 in
1308 4287 1340 4325 eo

190 4357 297 4426 quidem
317 4359 362 4426 qui
376 4365 464 4413 restat
475 4359 564 4414 Pariis
584 4360 625 4414 sol
646 4361 732 4427 magis
753 4375 832 4428 quam
852 4361 879 4414 in
899 4363 998 4416 ceteris
1018 4360 1135 4430 delituit,
1156 4363 1267 4418 Thasiis
1290 4380 1339 4432 per

191 4450 377 4506 duodecimam
408 4452 449 4506 vel
479 4451 610 4507 decimam
640 4455 726 4508 horas
756 4461 863 4522 partem
885 4455 945 4510 luce
972 4455 1080 4510 omnino
1099 4455 1218 4511 sublata.
1256 4472 1342 4526 quare

192 4541 279 4602 Thasi
296 4544 348 4602 hoo
366 4557 476 4600 carmen
496 4549 586 4600 onum
605 4561 669 4602 esse.
683 4545 800 4604 videtur.
