3094 5002
730 238 773 306 83

177 416 301 482 παθέων
318 414 456 504 ἄμοιβᾶν.
495 413 635 481 ultionis
653 414 761 501 igitur
777 413 845 481 vim
868 414 1024 481 hocloco
1047 411 1158 498 habet,
1185 412 1322 484 candem

175 527 326 593 fortasse
346 526 436 613 apud
452 523 700 591 Archilochum.
902 523 1017 590 Etiam
1039 524 1099 590 has
1124 512 1221 591 voces
1245 525 1325 592 addi

174 634 287 718 liceat,
313 634 405 702 cuius
429 633 530 702 testis
555 633 684 726 accedit
708 632 888 720 Sophocles
913 633 968 700 vel
990 633 1190 721 Euripides:

265 745 408 831 ἐργάτης]
432 766 550 810 nomen
575 741 745 830 agricolae
769 743 911 828 vulgare
936 746 997 825 est,
1021 742 1111 830 apud
1134 743 1259 811 Herod.
1273 745 1326 814 IV

178 854 321 924 109v6
343 860 433 941 trag.
458 853 596 921 Atticos
631 856 667 920 et
700 852 735 918 in
757 860 854 938 κοινῆι
878 851 953 940 (ΝΤ
977 852 1074 918 LXX
1098 853 1185 940 cet).
1230 876 1325 942 prae·

175 967 275 1032 terea
297 963 393 1032 bovis
418 963 605 1030 aliorumve
629 961 823 1029 animalium
846 984 1028 1048 cognomen
1052 966 1123 1028 cst:
1148 962 1251 1029 Arch.
1268 957 1323 1033 391

181 1077 250 1160 βοῦς
280 1071 459 1160 ἐστιν’ἡμῖν
491 1072 618 1159 ἐργάτης
648 1073 677 1135 ἐν
702 1071 802 1158 οἰκίαι.
848 1071 929 1139 item
952 1093 1004 1158 ap.
1029 1069 1128 1159 Soph.
1146 1072 1325 1142 fr138sN.

180 1183 319 1274 (satyr.)
344 1186 413 1272 βοῦς
437 1181 563 1269 ἐργάτης
594 1182 752 1268 ἐργάζεται
781 1188 816 1248 et
839 1181 875 1247 in
896 1188 1009 1266 κοινῇιτ
1039 1180 1160 1268 Polyb.
1173 1180 1228 1247 ΙΠ
1239 1183 1327 1266 93,4

178 1294 312 1380 ἐργατῶν
338 1296 425 1382 βοῶν.
464 1291 613 1358 Aristot.
638 1313 753 1358 vocem
775 1290 810 1356 in
833 1290 975 1358 nominis
999 1313 1095 1357 usum
1118 1291 1227 1358 vertit
1248 1292 1279 1358 h.
1294 1313 1324 1360 a.

176 1402 264 1470 627b
277 1403 320 1469 38
337 1403 422 1472 628a
433 1402 464 1468 2.

265 1514 402 1596 στυγνός]
426 1510 530 1578 Areh.
543 1512 586 1578 80
619 1510 729 1598 φιλέειν
763 1511 883 1594 στυγνόν
915 1533 969 1595 περ
1002 1511 1098 1576 ἐόντα.
1144 1533 1211 1578 vox
1237 1511 1327 1599 apud
1459 1511 1462 1523 ’

177 1618 299 1686 Aesch.
326 1626 361 1687 et
385 1618 485 1708 Soph.
522 1618 632 1707 quinis
667 1618 751 1700 fere,
786 1618 876 1705 apud
907 1617 989 1684 Eur.
1015 1618 1202 1705 quindecim
1243 1618 1325 1686 locis

179 1733 288 1808 extat,
312 1733 494 1818 practerea
516 1728 607 1816 apud
629 1727 894 1815 Xenophontem.
941 1727 1031 1814 apud
1053 1727 1190 1795 Atticos
1221 1728 1326 1796 deest.

179 1842 301 1908 contre
316 1839 352 1905 in
368 1846 462 1923 κοινῆι
484 1837 676 1905 invenitur:
701 1837 798 1902 LXX
814 1836 879 1904 Ies,
892 1838 961 1907 5712
977 1835 1054 1923 Sap.
1069 1837 1142 1922 17„
1168 1840 1327 1924 (πυκνότης

180 1948 311 2035 legitur
335 1947 423 2036 apud
448 1947 579 2033 Polyb„
606 1947 761 2031 οτογνᾶζω
785 1946 848 2013 NT
861 1927 924 2014 cet.

615 2189 897 2202 Μ

270 2379 375 2446 Plura
399 2384 478 2446 sunt
502 2402 541 2446 eu
564 2379 727 2447 vocabule
749 2400 834 2465 quac
858 2381 894 2445 et
917 2378 952 2442 in
974 2377 1055 2444 Iade
1079 2385 1114 2446 et
1137 2378 1171 2444 in
1195 2380 1328 2466 tragice

182 2489 276 2578 poesi
300 2489 356 2556 vel
379 2489 468 2577 apud
484 2489 660 2566 Platonem
676 2488 997 2574 Xenophontemque
1013 2487 1184 2574 leguntur,
1208 2494 1329 2556 contra

182 2598 271 2687 apud
293 2599 459 2685 genuinae
483 2599 648 2666 Atthidos
671 2599 857 2685 scriptores
874 2621 940 2664 non
956 2598 1183 2665 inveniuntur.
1219 2599 1327 2686 primo

182 2708 256 2775 loco
287 2731 327 2774 eu
357 2733 453 2796 pono,
486 2732 570 2796 quue
604 2713 743 2797 praeter
767 2706 850 2772 Iuda
873 2729 939 2774 non
967 2706 1033 2773 nisi
1065 2708 1154 2795 apud
1177 2709 1328 2794 tragicos

182 2822 312 2884 extant.

272 2928 421 3015 ἄκομψον]
450 2927 596 3012 Hesych.
622 2925 770 3014 (cfSuid.
785 2949 810 2992 s.
828 2925 870 3011 v.)
900 2925 1047 3012 glossam
1071 2926 1328 2993 Archilocheam

185 3037 248 3102 158
272 3037 425 3107 servavit
449 3037 583 3124 ἄκομψον
607 3059 705 3124 quam
729 3036 876 3123 explicat
900 3035 1084 3121 ἀπάνουργον
1109 3037 1229 3100 ἁπλοῦν.
1277 3058 1329 3103 ea·

183 3145 257 3213 (lem
287 3146 399 3212 utitur
423 3148 504 3212 Eur.
524 3145 624 3234 Hipp.
639 3147 702 3211 986
735 3148 795 3229 ἐγὼ
829 3149 854 3208 δ’
870 3145 1003 3234 ἄκομψος
1036 3148 1077 3219 εἰς
1108 3146 1197 3233 ὄχλον
1229 3149 1330 3210 δοῦναι

183 3257 281 3340 λόγον,
306 3278 403 3343 quem
423 3260 542 3322 auctor
559 3254 685 3321 Christ.
700 3255 774 3321 Pet.
788 3256 852 3322 262
877 3255 1011 3341 ἄκομψος
1031 3256 1165 3343 ἐκφέρειν
1183 3258 1330 3342 μυστήρια

184 3369 318 3432 secutus
343 3367 406 3431 est.
448 3387 562 3430 vocem
580 3387 669 3452 quae
694 3364 781 3451 apud
806 3365 890 3431 elios
914 3389 980 3431 non
1002 3365 1131 3450 legitur
1148 3364 1329 3452 Euripides

185 3499 226 3540 ex
250 3474 452 3540 Archilocho
476 3477 650 3541 mutuatus
675 3497 748 3540 esse
772 3473 918 3541 videtur.

273 3584 564 3670 dvusrdvorlArch.
579 3584 613 3652 9ο
642 3584 725 3656 ἕλκος
749 3585 956 3670 ἀναττένομεν.
1002 3583 1079 3652 inde
1110 3586 1153 3650 ab
1182 3585 1331 3651 Homero

185 3693 315 3760 usitata
333 3695 554 3765 erantverba
570 3691 764 3779 ἄναστένᾶχω
785 3693 1019 3780 ἄναστεναχίζω,
1045 3717 1109 3780 quo
1125 3697 1165 3758 ut
1181 3693 1332 3780 pedestri

186 3803 334 3869 orationi
357 3803 520 3891 adaptato
546 3802 648 3870 etiam
672 3802 796 3868 Herod.
811 3802 882 3868 186
906 3801 1142 3873 ἀναστενάξαντα
1164 3826 1246 3868 usus
1268 3807 1331 3869 est.

188 3913 339 3978 ἀναστένω
362 3911 452 4000 apud
475 3911 625 3998 tragicos
650 3912 740 3978 solos
770 3911 905 3998 (Aesch.
930 3910 1030 3999 Soph.
1055 3911 1141 3978 binis
1166 3912 1248 3978 Eur.
1273 3935 1332 3978 sex

183 4021 279 4108 locis)
304 4026 339 4089 et
361 4021 475 4111 Apoll.
489 4022 531 4088 R.
544 4022 562 4088 I
576 4022 661 4087 1138
684 4024 790 4087 extat.

206 4177 210 4186 .
274 4131 413 4218 ἄνολβος]
448 4131 532 4198 item
566 4131 656 4218 apud
688 4135 806 4218 poetas
843 4130 932 4198 solos
966 4130 1104 4217 legitur.
1162 4129 1264 4195 Arch.
1290 4131 1333 4195 60

188 4243 309 4328 στρατόν
333 4240 416 4307 dicit
440 4239 574 4328 ἄνολβον.
611 4240 821 4308 Ηοκοᾶ.185
845 4240 1016 4306 oraculum
1038 4240 1141 4305 affert
1157 4239 1198 4304 de
1215 4239 1334 4306 Croesi

185 4350 256 4421 filio
280 4350 396 4417 datum
422 4350 547 4435 αὐδήσει
571 4351 602 4415 έν
625 4351 718 4435 ἤματι
740 4358 856 4437 πρῶτον
881 4351 1020 4438 ἀνόλβιοι,
1066 4372 1107 4415 ne
1138 4348 1173 4414 in
1201 4348 1333 4433 tragica

187 4459 320 4550 quidem
353 4459 447 4547 poesi
482 4465 563 4554 voxg
582 4461 702 4550 crebra
730 4460 814 4552 suit:
849 4483 927 4528 nam
948 4459 1077 4546 legitur
1100 4457 1190 4546 opud
1211 4457 1333 4525 Aesch.

1069 4569 1113 4634 6*
